2670 4792
103 366 126 438 6
449 360 821 452 ClSTELLARIA,

102 489 155 555 lta
172 486 208 555 in
226 485 369 583 prandio
384 508 446 554 uos
467 480 577 578 lepide
596 498 696 578 atque
715 482 821 552 nitide

100 599 272 697 Adcepisti
291 598 383 694 apud
400 613 451 699 te,
468 611 508 667 ut
526 621 658 692 semper
674 596 937 671 meminerimus.
1046 601 1049 605 ’

101 735 163 782 stt.
177 712 408 806 Lubentique,
424 706 564 803 edepol,
579 709 692 777 animo
708 706 832 778 factum
844 760 853 793 ,
867 720 901 777 et
919 705 977 776 fiet
990 730 1011 776 a
1026 731 1100 792 me,

100 822 186 911 Quae
206 847 265 892 vos
282 820 472 891 arbitrabor
492 816 595 906 velle,
612 843 652 891 ca
669 833 707 888 ut
724 834 939 916 expetessam.
958 891 967 916 ἱ
1054 857 1057 860 ’

98 953 175 1002 teu.
194 931 296 1021 Quod
310 930 365 1001 ille
386 930 489 1017 dixit,
506 930 565 1025 qui
583 922 730 999 secundo
750 944 848 999 vento
866 943 979 999 vectus
995 945 1064 1018 est,
1140 951 1165 991 ιε

97 1042 294 1139 Tranquillo
305 1043 417 1127 mari,
436 1055 573 1135 ventum
588 1040 737 1136 gaudeo,
754 1055 892 1127 ecastor,
908 1039 950 1109 ad
970 1054 1019 1110 te:

97 1152 149 1221 lta
169 1152 270 1225 hodie
288 1152 364 1223 heic
379 1152 526 1247 adceptae
545 1177 660 1222 sumus
677 1151 834 1220 suavibus
851 1149 977 1238 modis;

95 1264 185 1347 Nec,
201 1265 265 1333 nisi
282 1262 477 1358 disciplina,
491 1261 581 1358 apud
600 1277 633 1332 te
651 1261 717 1331 fuit
736 1260 921 1356 quidquam

96 1374 170 1463 lbi,
185 1375 268 1470 quin
283 1374 368 1444 mihi
388 1372 542 1469 placeret.
565 1395 629 1442 stn.
649 1370 743 1461 Quid
761 1371 825 1456 ita,
843 1367 986 1440 amabo?

95 1509 173 1556 nau.
189 1489 279 1556 Raro
293 1485 434 1555 nimium
449 1483 552 1553 dabat
564 1481 656 1579 quod
669 1481 835 1568 biberem3
846 1496 945 1576 atque
956 1479 992 1550 id
1000 1503 1128 1550 merum
1136 1514 1161 1541 ὀ

84 1595 297 1666 infirmabat.
311 1618 427 1666 erun.
443 1594 588 1680 Amabo,
606 1592 755 1663 heiccine
768 1592 857 1661 istud
874 1588 989 1662 decet?

8 1719 13 1728 '
95 1729 172 1777 nun.
190 1710 318 1802 Jusque
332 1705 448 1801 fasque
460 1719 526 1791 est;
541 1728 641 1775 nemo
655 1699 784 1774 alienus
796 1702 870 1772 lreic
881 1718 940 1772 est.
957 1726 1021 1774 stt.
1038 1701 1162 1772 Merito

94 1817 219 1886 Vestro
237 1842 313 1886 amo
332 1841 414 1903 vos,
432 1816 511 1911 quia
532 1840 586 1884 me
605 1814 715 1885 colitis
731 1809 765 1884 et
782 1814 1015 1909 magnifacitis.

94 1950 172 1997 neu.
191 1930 312 2014 Decet,
333 1925 407 2022 pol,
423 1950 498 1996 mea
512 1925 692 2013 Silenium,
708 1925 800 1995 hunc
816 1949 887 1996 erse
905 1925 1055 1995 ordinem

94 2036 344 2107 Benevolenteis
362 2038 450 2107 inter
468 2062 527 2126 ae,
546 2038 697 2132 beneque
714 2037 860 2107 amicitia
879 2037 988 2108 utier:
1136 2061 1161 2102 ‚a

72 2160 74 2165 ⁴
93 2153 164 2222 Ubi
182 2153 261 2222 istas
280 2148 389 2221 videas
410 2160 542 2221 summo
565 2176 685 2246 genere
702 2165 835 2245 gnatas,

93 2263 292 2333 Summateis
310 2278 500 2349 matronas,
516 2277 555 2330 ut
568 2261 750 2357 amicitiem
767 2260 901 2351 colunt,

91 2375 200 2468 Atque
219 2389 258 2442 ut
276 2398 350 2443 eam
364 2372 516 2466 junctam
537 2371 622 2440 bene
638 2373 763 2442 habent
782 2372 870 2440 inter
890 2395 935 2440 se.

93 2485 128 2553 Si
146 2482 233 2553 idem
252 2484 340 2554 istud
362 2509 425 2553 nos
443 2483 621 2570 faciamus,
640 2485 667 2553 si
685 2483 772 2552 idem
793 2482 974 2566 imitemur,

92 2597 145 2665 lta
162 2610 274 2664 tamen
293 2594 350 2663 vix
368 2593 603 2664 vivimuscum
618 2593 746 2691 invidia
768 2617 911 2661 summa.
1134 2609 1162 2648 ³·

94 2705 236 2772 Suarum
253 2729 357 2799 opum
375 2729 436 2777 nos
454 2702 574 2775 volunt
593 2728 663 2775 esse
679 2702 889 2798 indigenteis.

131 2942 171 3000 16.
184 2941 224 2987 Ea
245 2951 273 2987 ut
295 2950 455 3003 carpetanam.
476 2923 603 2990 Formula
615 2908 632 2932 Ἰ
685 2950 726 2986 21.
746 2934 900 3002 Inficseabat.
917 2936 1000 3001 Atque
1021 2933 1050 2983 td
1067 2951 1160 2983 merum

92 3014 171 3085 paulo
179 3014 303 3086 ampliata
312 3012 437 3068 testando
444 3014 604 3068 benerolen-
647 3011 787 3076 mfireabat,
798 3028 877 3084 quam
892 3012 1160 3080 lnfucabae,malunt

94 3094 146 3147 tiu.
157 3094 200 3148 Sic
212 3095 306 3148 Horat.
312 3094 369 3149 sat.
379 3094 409 3159 1,
419 3111 435 3159 9
444 3130 451 3155 ‚
460 3093 492 3156 5.
506 3094 602 3165 «cupio
646 3091 716 3164 apud
728 3092 851 3145 Plautum
863 3109 965 3162 :quum
980 3110 1029 3163 ego
1037 3093 1161 3159 infimam

92 3175 183 3226 omnia
196 3193 256 3246 qum
269 3174 335 3228 vie».
350 3172 601 3241 cout.tncch.1v,
646 3172 734 3226 verius
749 3182 855 3243 putem
872 3170 964 3243 quod,
982 3190 1065 3243 quum
1077 3190 1158 3243 gene·

92 3258 122 3321 6,
131 3272 156 3322 9.
171 3254 203 3306 N.
645 3251 698 3304 roei
712 3249 769 3304 vini
785 3250 885 3322 nigrior
898 3251 931 3302 rit
948 3250 1036 3312 color,
1049 3249 1159 3303 dilutior

130 3337 170 3386 16.
185 3339 289 3383 Venmm
304 3334 410 3399 gaudeo.
424 3331 504 3383 Jocua
517 3343 558 3384 eet
569 3349 600 3384 ex
644 3330 726 3384 mixta
740 3348 833 3402 aquae·
847 3331 1000 3400 fusciorque
1024 3329 1160 3385 reddatur.

91 3412 230 3484 ambiguo,
243 3429 306 3463 nam
320 3423 346 3462 et
356 3411 503 3481 significare
515 3423 602 3483 potent
644 3410 813 3467 Teuma·
821 3413 934 3462 Heicciue
939 3413 1007 3460 istud
1014 3412 1089 3460 decet.
1100 3409 1158 3461 Hoc

90 3491 195 3565 gaudeo
216 3490 392 3552 memisse,
408 3488 552 3561 etgaudeo
565 3490 601 3542 ob
645 3488 741 3542 locone
758 3487 834 3542 decet
852 3488 886 3541 de
904 3489 966 3541 vino
979 3501 1004 3541 et
1015 3486 1157 3560 disciplina

91 3585 210 3631 ventum.
227 3572 271 3625 lta
281 3570 389 3626 Curonl.
404 3571 488 3635 11.3.
504 3568 601 3641 36-37.
646 3567 787 3624 domestice
799 3568 998 3640 querilen.

91 3653 182 3706 Lm.
684 3653 725 3711 πά.
741 3654 874 3713 Ordinem,
887 3649 1078 3719 amplissimum
1092 3668 1157 3720 pro·

128 3731 171 3783 18.
183 3730 240 3781 Nisi
246 3729 382 3796 diciplina.
393 3726 546 3799 Disciplina,
556 3726 601 3781 hic
647 3727 715 3782 secto
728 3727 851 3782 ordinem
871 3729 1107 3783 meretricularum.
1121 3731 1156 3783 N.

1 3851 3 3873 ,
89 3821 141 3870 eat,
154 3805 253 3879 agendi
270 3805 365 3860 modus
380 3805 519 3860 insamilia
532 3824 600 3877 prm·
682 3811 769 3875 auiti.
786 3807 898 3861 etiamsi.
910 3809 944 3862 Ν.

87 3887 203 3959 aeriptua
210 3882 434 3939 etobeervandue.
442 3883 479 3936 Ut
487 3883 600 3947 militie,
680 3884 724 3940 30.
735 3889 832 3963 (audio
847 3907 953 3940 summa.
967 3888 1059 3941 Multis
1067 3887 1157 3939 inimi-

87 3968 177 4021 ira-eet
188 3963 330 4035 discipline
344 3962 458 4017 familie.
472 3963 600 4031 Pleume,
643 3963 710 4019 citiia
719 3965 842 4019 lucemitn
852 3979 1040 4021 matronarum.
1050 3968 1083 4020 N.

56 4075 65 4092 x
86 4046 198 4101 Horret.
210 4043 289 4097 «nec
299 4041 360 4096 heic
368 4041 509 4116 discipline
518 4041 601 4115 penti·
679 4045 721 4098 31.
734 4050 840 4098 Sirenem
851 4067 941 4114 opum,
955 4059 1008 4099 etc.
1022 4064 1079 4099 non
1095 4058 1155 4112 eat,

88 4143 129 4179 ma
142 4137 212 4179 eota.
222 4123 367 4177 Boxuou.
642 4124 699 4178 sui·
718 4125 812 4196 opibus
830 4143 880 4179 noa
897 4126 951 4179 illu
968 4141 1023 4181 non
1039 4125 1153 4196 juram
