<?xml version="1.0" encoding="UTF-8"?>
<!DOCTYPE html PUBLIC "-//W3C//DTD XHTML 1.0 Transitional//EN"
    "http://www.w3.org/TR/xhtml1/DTD/xhtml1-transitional.dtd">
<html xmlns="http://www.w3.org/1999/xhtml" xml:lang="en" lang="en">
 <head>
  <title>
</title>
<meta http-equiv="Content-Type" content="text/html;charset=utf-8" />
  <meta name='ocr-system' content='tesseract 3.04.00' />
  <meta name='ocr-capabilities' content='ocr_page ocr_carea ocr_par ocr_line ocrx_word'/>
</head>
<body>
  <div class='ocr_page' id='page_1' title='image "bibliothecaclas73lemagoog_0065.png"; bbox 0 0 2670 4792; ppageno 0'>
   <div class='ocr_carea' id='block_1_1' title="bbox 113 302 129 331">
    <p class='ocr_par' dir='ltr' id='par_1_1' title="bbox 113 302 129 331">
     <span class='ocr_line' id='line_1_1' title="bbox 113 302 129 331; baseline 0 0"><span class='ocrx_word' id='word_1_1' title='bbox 113 302 129 331; x_wconf 80' lang='grc' dir='ltr'><em>Ι</em></span> 
     </span>
    </p>
   </div>
   <div class='ocr_carea' id='block_1_2' title="bbox 215 383 885 476">
    <p class='ocr_par' dir='ltr' id='par_1_2' title="bbox 215 383 885 476">
     <span class='ocr_line' id='line_1_2' title="bbox 215 383 885 476; baseline 0.009 -22"><span class='ocrx_word' id='word_1_2' title='bbox 215 383 257 455; x_wconf 78' lang='lat'><strong>52</strong></span> <span class='ocrx_word' id='word_1_3' title='bbox 513 442 518 455; x_wconf 90' lang='lat'><strong>.</strong></span> <span class='ocrx_word' id='word_1_4' title='bbox 596 388 885 476; x_wconf 84' lang='lat' dir='ltr'><strong>CURCULIO,</strong></span> 
     </span>
    </p>
   </div>
   <div class='ocr_carea' id='block_1_3' title="bbox 96 509 1193 831">
    <p class='ocr_par' dir='ltr' id='par_1_3' title="bbox 96 509 1193 831">
     <span class='ocr_line' id='line_1_3' title="bbox 209 509 989 608; baseline 0.001 -27"><span class='ocrx_word' id='word_1_5' title='bbox 209 511 249 581; x_wconf 92' lang='lat' dir='ltr'><strong>ld</strong></span> <span class='ocrx_word' id='word_1_6' title='bbox 267 536 308 579; x_wconf 87' lang='lat' dir='ltr'><strong>eo</strong></span> <span class='ocrx_word' id='word_1_7' title='bbox 328 509 383 595; x_wconf 82' lang='lat' dir='ltr'><strong>fit,</strong></span> <span class='ocrx_word' id='word_1_8' title='bbox 401 511 479 603; x_wconf 89' lang='lat' dir='ltr'><strong>quia</strong></span> <span class='ocrx_word' id='word_1_9' title='bbox 499 510 572 579; x_wconf 87' lang='lat' dir='ltr'><strong>heic</strong></span> <span class='ocrx_word' id='word_1_10' title='bbox 594 511 668 580; x_wconf 87' lang='lat' dir='ltr'><strong>leno</strong></span> <span class='ocrx_word' id='word_1_11' title='bbox 686 527 832 608; x_wconf 84' lang='lat' dir='ltr'><strong>aegrotus</strong></span> <span class='ocrx_word' id='word_1_12' title='bbox 852 515 989 583; x_wconf 88' lang='lat' dir='ltr'><strong>incubat</strong></span> 
     </span>
     <span class='ocr_line' id='line_1_4' title="bbox 208 618 1193 714; baseline -0.001 -21"><span class='ocrx_word' id='word_1_13' title='bbox 208 626 251 693; x_wconf 92' lang='lat' dir='ltr'><strong>In</strong></span> <span class='ocrx_word' id='word_1_14' title='bbox 267 618 435 714; x_wconf 86' lang='lat' dir='ltr'><strong>AEsculapi</strong></span> <span class='ocrx_word' id='word_1_15' title='bbox 453 620 542 689; x_wconf 86' lang='lat' dir='ltr'><strong>fano.</strong></span> <span class='ocrx_word' id='word_1_16' title='bbox 560 624 592 689; x_wconf 92' lang='lat' dir='ltr'><strong>ls</strong></span> <span class='ocrx_word' id='word_1_17' title='bbox 609 648 662 691; x_wconf 86' lang='lat' dir='ltr'><strong>me</strong></span> <span class='ocrx_word' id='word_1_18' title='bbox 678 624 855 692; x_wconf 84' lang='lat' dir='ltr'><strong>excruciat.</strong></span> <span class='ocrx_word' id='word_1_19' title='bbox 876 648 994 693; x_wconf 79' lang='lat' dir='ltr'><strong>ranrn.</strong></span> <span class='ocrx_word' id='word_1_20' title='bbox 1009 623 1103 711; x_wconf 84' lang='lat' dir='ltr'><strong>Quid</strong></span> <span class='ocrx_word' id='word_1_21' title='bbox 1121 625 1193 693; x_wconf 79' lang='lat' dir='ltr'><strong>est?</strong></span> 
     </span>
     <span class='ocr_line' id='line_1_5' title="bbox 96 731 1108 831; baseline 0 -28"><span class='ocrx_word' id='word_1_22' title='bbox 96 818 104 831; x_wconf 91' lang='lat'><strong>.</strong></span> <span class='ocrx_word' id='word_1_23' title='bbox 209 756 346 803; x_wconf 70' lang='lat' dir='ltr'><strong>nunna.</strong></span> <span class='ocrx_word' id='word_1_24' title='bbox 367 731 456 803; x_wconf 87' lang='lat' dir='ltr'><strong>Alias</strong></span> <span class='ocrx_word' id='word_1_25' title='bbox 474 757 527 801; x_wconf 89' lang='lat' dir='ltr'><strong>me</strong></span> <span class='ocrx_word' id='word_1_26' title='bbox 541 733 649 825; x_wconf 91' lang='lat' dir='ltr'><strong>poscit</strong></span> <span class='ocrx_word' id='word_1_27' title='bbox 669 759 730 827; x_wconf 90' lang='lat' dir='ltr'><strong>pro</strong></span> <span class='ocrx_word' id='word_1_28' title='bbox 751 732 805 801; x_wconf 85' lang='lat' dir='ltr'><strong>illa</strong></span> <span class='ocrx_word' id='word_1_29' title='bbox 826 734 964 829; x_wconf 85' lang='lat' dir='ltr'><strong>triginta</strong></span> <span class='ocrx_word' id='word_1_30' title='bbox 982 735 1108 821; x_wconf 90' lang='lat' dir='ltr'><strong>minas,</strong></span> 
     </span>
    </p>
   </div>
   <div class='ocr_carea' id='block_1_4' title="bbox 206 840 1279 2351">
    <p class='ocr_par' dir='ltr' id='par_1_4' title="bbox 208 840 1120 939">
     <span class='ocr_line' id='line_1_6' title="bbox 208 840 1120 939; baseline 0.001 -27"><span class='ocrx_word' id='word_1_31' title='bbox 208 842 301 912; x_wconf 80' lang='lat' dir='ltr'><strong>Alias</strong></span> <span class='ocrx_word' id='word_1_32' title='bbox 320 840 481 910; x_wconf 80' lang='lat' dir='ltr'><strong>talentum</strong></span> <span class='ocrx_word' id='word_1_33' title='bbox 502 866 672 936; x_wconf 82' lang='lat' dir='ltr'><strong>magnum.</strong></span> <span class='ocrx_word' id='word_1_34' title='bbox 694 847 811 937; x_wconf 86' lang='lat' dir='ltr'><strong>Neque</strong></span> <span class='ocrx_word' id='word_1_35' title='bbox 832 843 1014 938; x_wconf 85' lang='lat' dir='ltr'>quidquam</span> <span class='ocrx_word' id='word_1_36' title='bbox 1033 869 1120 939; x_wconf 90' lang='lat' dir='ltr'><strong>queo</strong></span> 
     </span>
    </p>

    <p class='ocr_par' dir='ltr' id='par_1_5' title="bbox 207 951 1278 1047">
     <span class='ocr_line' id='line_1_7' title="bbox 207 951 1278 1047; baseline -0.006 -24"><span class='ocrx_word' id='word_1_37' title='bbox 207 953 307 1047; x_wconf 81' lang='lat' dir='ltr'><strong>AEqui</strong></span> <span class='ocrx_word' id='word_1_38' title='bbox 323 951 469 1044; x_wconf 89' lang='lat' dir='ltr'><strong>bonique</strong></span> <span class='ocrx_word' id='word_1_39' title='bbox 486 953 583 1020; x_wconf 81' lang='lat' dir='ltr'><strong>abeo</strong></span> <span class='ocrx_word' id='word_1_40' title='bbox 603 953 780 1046; x_wconf 81' lang='lat' dir='ltr'><strong>inpetrare.</strong></span> <span class='ocrx_word' id='word_1_41' title='bbox 801 977 918 1023; x_wconf 77' lang='lat' dir='ltr'><strong>namu.</strong></span> <span class='ocrx_word' id='word_1_42' title='bbox 934 953 1112 1047; x_wconf 88' lang='lat' dir='ltr'><strong>lnjuriu&#39;s,</strong></span> <span class='ocrx_word' id='word_1_43' title='bbox 1252 978 1278 1017; x_wconf 75' lang='lat' dir='ltr'><strong>o</strong></span> 
     </span>
    </p>

    <p class='ocr_par' dir='ltr' id='par_1_6' title="bbox 210 1060 991 1160">
     <span class='ocr_line' id='line_1_8' title="bbox 210 1060 991 1160; baseline 0.004 -30"><span class='ocrx_word' id='word_1_44' title='bbox 210 1062 294 1151; x_wconf 88' lang='lat' dir='ltr'><strong>Qui,</strong></span> <span class='ocrx_word' id='word_1_45' title='bbox 311 1060 401 1156; x_wconf 90' lang='lat' dir='ltr'><strong>quod</strong></span> <span class='ocrx_word' id='word_1_46' title='bbox 423 1060 533 1131; x_wconf 84' lang='lat' dir='ltr'><strong>lenoni</strong></span> <span class='ocrx_word' id='word_1_47' title='bbox 554 1061 704 1151; x_wconf 83' lang='lat' dir='ltr'><strong>nulli’st,</strong></span> <span class='ocrx_word' id='word_1_48' title='bbox 719 1062 752 1130; x_wconf 94' lang='lat' dir='ltr'><strong>id</strong></span> <span class='ocrx_word' id='word_1_49' title='bbox 771 1065 869 1131; x_wconf 89' lang='lat' dir='ltr'><strong>abeo</strong></span> <span class='ocrx_word' id='word_1_50' title='bbox 888 1077 991 1160; x_wconf 84' lang='lat' dir='ltr'><strong>petas.</strong></span> 
     </span>
    </p>

    <p class='ocr_par' dir='ltr' id='par_1_7' title="bbox 210 1156 1218 1267">
     <span class='ocr_line' id='line_1_9' title="bbox 210 1156 1218 1267; baseline -0.002 -25"><span class='ocrx_word' id='word_1_51' title='bbox 210 1197 347 1244; x_wconf 73' lang='lat' dir='ltr'><strong>annon.</strong></span> <span class='ocrx_word' id='word_1_52' title='bbox 367 1156 466 1241; x_wconf 77' lang='lat' dir='ltr'><strong>Nunc</strong></span> <span class='ocrx_word' id='word_1_53' title='bbox 488 1172 568 1240; x_wconf 80' lang='lat' dir='ltr'><strong>hinc</strong></span> <span class='ocrx_word' id='word_1_54' title='bbox 586 1173 769 1267; x_wconf 83' lang='lat' dir='ltr'><strong>parasitum</strong></span> <span class='ocrx_word' id='word_1_55' title='bbox 788 1174 822 1240; x_wconf 94' lang='lat' dir='ltr'><strong>in</strong></span> <span class='ocrx_word' id='word_1_56' title='bbox 842 1174 975 1243; x_wconf 86' lang='lat' dir='ltr'><strong>Cariam</strong></span> <span class='ocrx_word' id='word_1_57' title='bbox 994 1172 1068 1240; x_wconf 87' lang='lat' dir='ltr'><strong>misi</strong></span> <span class='ocrx_word' id='word_1_58' title='bbox 1088 1196 1218 1256; x_wconf 87' lang='lat' dir='ltr'><strong>meum,</strong></span> 
     </span>
    </p>

    <p class='ocr_par' dir='ltr' id='par_1_8' title="bbox 207 1280 991 1375">
     <span class='ocr_line' id='line_1_10' title="bbox 207 1280 991 1375; baseline -0.001 -21"><span class='ocrx_word' id='word_1_59' title='bbox 207 1283 352 1354; x_wconf 91' lang='lat' dir='ltr'><strong>Petitum</strong></span> <span class='ocrx_word' id='word_1_60' title='bbox 372 1296 548 1375; x_wconf 84' lang='lat' dir='ltr'><strong>argentum</strong></span> <span class='ocrx_word' id='word_1_61' title='bbox 565 1307 583 1350; x_wconf 92' lang='lat' dir='ltr'><strong>a</strong></span> <span class='ocrx_word' id='word_1_62' title='bbox 603 1308 677 1352; x_wconf 83' lang='lat' dir='ltr'><strong>meo</strong></span> <span class='ocrx_word' id='word_1_63' title='bbox 693 1280 796 1352; x_wconf 83' lang='lat' dir='ltr'><strong>sodali</strong></span> <span class='ocrx_word' id='word_1_64' title='bbox 814 1298 991 1353; x_wconf 88' lang='lat' dir='ltr'><strong>mutuum:</strong></span> 
     </span>
    </p>

    <p class='ocr_par' dir='ltr' id='par_1_9' title="bbox 207 1392 1049 1488">
     <span class='ocr_line' id='line_1_11' title="bbox 207 1392 1049 1488; baseline -0.004 -25"><span class='ocrx_word' id='word_1_65' title='bbox 207 1393 310 1484; x_wconf 90' lang='lat' dir='ltr'><strong>Quod</strong></span> <span class='ocrx_word' id='word_1_66' title='bbox 328 1393 354 1461; x_wconf 93' lang='lat' dir='ltr'><strong>si</strong></span> <span class='ocrx_word' id='word_1_67' title='bbox 374 1418 442 1461; x_wconf 92' lang='lat' dir='ltr'><strong>non</strong></span> <span class='ocrx_word' id='word_1_68' title='bbox 465 1392 592 1477; x_wconf 84' lang='lat' dir='ltr'><strong>adfert,</strong></span> <span class='ocrx_word' id='word_1_69' title='bbox 615 1418 682 1488; x_wconf 91' lang='lat' dir='ltr'><strong>quo</strong></span> <span class='ocrx_word' id='word_1_70' title='bbox 705 1419 758 1462; x_wconf 89' lang='lat' dir='ltr'><strong>me</strong></span> <span class='ocrx_word' id='word_1_71' title='bbox 776 1409 906 1462; x_wconf 85' lang='lat' dir='ltr'><strong>vortam</strong></span> <span class='ocrx_word' id='word_1_72' title='bbox 927 1392 1049 1462; x_wconf 80' lang='lat' dir='ltr'><strong>nescio.</strong></span> 
     </span>
    </p>

    <p class='ocr_par' dir='ltr' id='par_1_10' title="bbox 208 1502 1064 1585">
     <span class='ocr_line' id='line_1_12' title="bbox 208 1502 1064 1585; baseline -0.006 -12"><span class='ocrx_word' id='word_1_73' title='bbox 208 1527 325 1574; x_wconf 73' lang='lat' dir='ltr'><strong>remu.</strong></span> <span class='ocrx_word' id='word_1_74' title='bbox 347 1504 381 1570; x_wconf 90' lang='lat' dir='ltr'><strong>Si</strong></span> <span class='ocrx_word' id='word_1_75' title='bbox 401 1502 481 1570; x_wconf 85' lang='lat' dir='ltr'><strong>deos</strong></span> <span class='ocrx_word' id='word_1_76' title='bbox 502 1502 641 1585; x_wconf 84' lang='lat' dir='ltr'><strong>salutas,</strong></span> <span class='ocrx_word' id='word_1_77' title='bbox 664 1502 917 1571; x_wconf 81' lang='lat' dir='ltr'><strong>dextrovorsum</strong></span> <span class='ocrx_word' id='word_1_78' title='bbox 935 1526 1064 1570; x_wconf 84' lang='lat' dir='ltr'><strong>censeo.</strong></span> 
     </span>
    </p>

    <p class='ocr_par' dir='ltr' id='par_1_11' title="bbox 206 1610 1229 1684">
     <span class='ocr_line' id='line_1_13' title="bbox 206 1610 1229 1684; baseline -0.001 -1"><span class='ocrx_word' id='word_1_79' title='bbox 206 1635 347 1683; x_wconf 70' lang='lat' dir='ltr'><strong>ruffina.</strong></span> <span class='ocrx_word' id='word_1_80' title='bbox 365 1613 466 1681; x_wconf 90' lang='lat' dir='ltr'><strong>Nunc</strong></span> <span class='ocrx_word' id='word_1_81' title='bbox 484 1638 540 1681; x_wconf 90' lang='lat' dir='ltr'><strong>ara</strong></span> <span class='ocrx_word' id='word_1_82' title='bbox 561 1614 698 1684; x_wconf 84' lang='lat' dir='ltr'><strong>Veneris</strong></span> <span class='ocrx_word' id='word_1_83' title='bbox 716 1613 786 1681; x_wconf 85' lang='lat' dir='ltr'><strong>lraec</strong></span> <span class='ocrx_word' id='word_1_84' title='bbox 804 1626 948 1680; x_wconf 84' lang='lat' dir='ltr'><strong>estante</strong></span> <span class='ocrx_word' id='word_1_85' title='bbox 966 1611 1096 1679; x_wconf 91' lang='lat' dir='ltr'><strong>horunc</strong></span> <span class='ocrx_word' id='word_1_86' title='bbox 1113 1610 1229 1682; x_wconf 87' lang='lat' dir='ltr'><strong>foreis.</strong></span> 
     </span>
    </p>

    <p class='ocr_par' dir='ltr' id='par_1_12' title="bbox 206 1720 960 1815">
     <span class='ocr_line' id='line_1_14' title="bbox 206 1720 960 1815; baseline -0.003 -23"><span class='ocrx_word' id='word_1_87' title='bbox 206 1726 264 1792; x_wconf 88' lang='lat' dir='ltr'><strong>Me</strong></span> <span class='ocrx_word' id='word_1_88' title='bbox 283 1722 405 1792; x_wconf 83' lang='lat' dir='ltr'><strong>inferre</strong></span> <span class='ocrx_word' id='word_1_89' title='bbox 423 1723 546 1790; x_wconf 88' lang='lat' dir='ltr'><strong>Veneri</strong></span> <span class='ocrx_word' id='word_1_90' title='bbox 565 1723 639 1790; x_wconf 88' lang='lat' dir='ltr'><strong>vovi</strong></span> <span class='ocrx_word' id='word_1_91' title='bbox 654 1724 723 1815; x_wconf 90' lang='lat' dir='ltr'><strong>jam</strong></span> <span class='ocrx_word' id='word_1_92' title='bbox 741 1720 960 1815; x_wconf 84' lang='lat' dir='ltr'><strong>jentaculum.</strong></span> 
     </span>
    </p>

    <p class='ocr_par' dir='ltr' id='par_1_13' title="bbox 208 1831 1122 1926">
     <span class='ocr_line' id='line_1_15' title="bbox 208 1831 1122 1926; baseline -0.001 -24"><span class='ocrx_word' id='word_1_93' title='bbox 208 1857 326 1903; x_wconf 76' lang='lat' dir='ltr'><strong>ranru.</strong></span> <span class='ocrx_word' id='word_1_94' title='bbox 350 1831 441 1919; x_wconf 87' lang='lat' dir='ltr'><strong>Quid</strong></span> <span class='ocrx_word' id='word_1_95' title='bbox 463 1856 506 1900; x_wconf 91' lang='lat' dir='ltr'><strong>an</strong></span> <span class='ocrx_word' id='word_1_96' title='bbox 529 1847 562 1900; x_wconf 90' lang='lat' dir='ltr'><strong>te</strong></span> <span class='ocrx_word' id='word_1_97' title='bbox 582 1856 685 1924; x_wconf 82' lang='lat' dir='ltr'><strong>pones</strong></span> <span class='ocrx_word' id='word_1_98' title='bbox 701 1832 824 1901; x_wconf 84' lang='lat' dir='ltr'><strong>Veneri</strong></span> <span class='ocrx_word' id='word_1_99' title='bbox 841 1832 910 1926; x_wconf 91' lang='lat' dir='ltr'><strong>jam</strong></span> <span class='ocrx_word' id='word_1_100' title='bbox 928 1832 1122 1926; x_wconf 77' lang='lat' dir='ltr'><strong>jentaculo?</strong></span> 
     </span>
    </p>

    <p class='ocr_par' dir='ltr' id='par_1_14' title="bbox 207 1943 1278 2121">
     <span class='ocr_line' id='line_1_16' title="bbox 207 1943 1278 2036; baseline -0.001 -24"><span class='ocrx_word' id='word_1_101' title='bbox 207 1966 345 2012; x_wconf 74' lang='lat' dir='ltr'><strong>annon.</strong></span> <span class='ocrx_word' id='word_1_102' title='bbox 365 1945 436 2023; x_wconf 77' lang='lat' dir='ltr'><strong>Me,</strong></span> <span class='ocrx_word' id='word_1_103' title='bbox 452 1957 500 2026; x_wconf 81' lang='lat' dir='ltr'><strong>te,</strong></span> <span class='ocrx_word' id='word_1_104' title='bbox 523 1957 623 2036; x_wconf 90' lang='lat' dir='ltr'><strong>atque</strong></span> <span class='ocrx_word' id='word_1_105' title='bbox 642 1943 741 2011; x_wconf 90' lang='lat' dir='ltr'><strong>hosce</strong></span> <span class='ocrx_word' id='word_1_106' title='bbox 760 1943 899 2011; x_wconf 87' lang='lat' dir='ltr'><strong>omneis.</strong></span> <span class='ocrx_word' id='word_1_107' title='bbox 915 1967 1031 2014; x_wconf 72' lang='lat' dir='ltr'><strong>namu.</strong></span> <span class='ocrx_word' id='word_1_108' title='bbox 1048 1946 1133 2012; x_wconf 93' lang='lat' dir='ltr'><strong>Tum</strong></span> <span class='ocrx_word' id='word_1_109' title='bbox 1153 1957 1191 2011; x_wconf 92' lang='lat' dir='ltr'><strong>tu</strong></span> <span class='ocrx_word' id='word_1_110' title='bbox 1210 1945 1278 2013; x_wconf 88' lang='lat' dir='ltr'><strong>Ve-</strong></span> 
     </span>
     <span class='ocr_line' id='line_1_17' title="bbox 353 2052 712 2121; baseline 0.003 -2"><span class='ocrx_word' id='word_1_111' title='bbox 353 2078 467 2121; x_wconf 86' lang='lat' dir='ltr'><strong>nerem</strong></span> <span class='ocrx_word' id='word_1_112' title='bbox 486 2078 619 2121; x_wconf 83' lang='lat' dir='ltr'><strong>vomere</strong></span> <span class='ocrx_word' id='word_1_113' title='bbox 641 2052 712 2121; x_wconf 84' lang='lat' dir='ltr'><strong>vis?</strong></span> 
     </span>
    </p>

    <p class='ocr_par' dir='ltr' id='par_1_15' title="bbox 206 2159 1279 2351">
     <span class='ocr_line' id='line_1_18' title="bbox 206 2159 1279 2256; baseline -0.002 -23"><span class='ocrx_word' id='word_1_114' title='bbox 206 2187 345 2233; x_wconf 58' lang='lat' dir='ltr'><strong>rumun-</strong></span> <span class='ocrx_word' id='word_1_115' title='bbox 379 2163 490 2250; x_wconf 88' lang='lat' dir='ltr'><strong>Cedo,</strong></span> <span class='ocrx_word' id='word_1_116' title='bbox 517 2188 639 2256; x_wconf 86' lang='lat' dir='ltr'><strong>puere,</strong></span> <span class='ocrx_word' id='word_1_117' title='bbox 672 2162 793 2229; x_wconf 87' lang='lat' dir='ltr'><strong>sinum.</strong></span> <span class='ocrx_word' id='word_1_118' title='bbox 828 2184 944 2232; x_wconf 76' lang='lat' dir='ltr'><strong>namu.</strong></span> <span class='ocrx_word' id='word_1_119' title='bbox 978 2160 1072 2249; x_wconf 87' lang='lat' dir='ltr'><strong>Quid</strong></span> <span class='ocrx_word' id='word_1_120' title='bbox 1100 2159 1279 2231; x_wconf 78' lang='lat' dir='ltr'><strong>facturus?</strong></span> 
     </span>
     <span class='ocr_line' id='line_1_19' title="bbox 353 2273 1278 2351; baseline -0.004 -10"><span class='ocrx_word' id='word_1_121' title='bbox 353 2296 492 2342; x_wconf 72' lang='lat' dir='ltr'><strong>ennon.</strong></span> <span class='ocrx_word' id='word_1_122' title='bbox 516 2277 590 2342; x_wconf 87' lang='lat' dir='ltr'><strong>Jam</strong></span> <span class='ocrx_word' id='word_1_123' title='bbox 612 2273 706 2341; x_wconf 87' lang='lat' dir='ltr'><strong>scies.</strong></span> <span class='ocrx_word' id='word_1_124' title='bbox 1251 2299 1278 2351; x_wconf 73' lang='lat' dir='ltr'><strong>‚s</strong></span> 
     </span>
    </p>
   </div>
   <div class='ocr_carea' id='block_1_5' title="bbox 207 2442 1281 4024">
    <p class='ocr_par' dir='ltr' id='par_1_16' title="bbox 208 2442 1281 2755">
     <span class='ocr_line' id='line_1_20' title="bbox 251 2442 1280 2513; baseline 0 -15"><span class='ocrx_word' id='word_1_125' title='bbox 251 2449 297 2498; x_wconf 73' lang='lat'><strong>61.</strong></span> <span class='ocrx_word' id='word_1_126' title='bbox 309 2444 343 2498; x_wconf 83' lang='lat' dir='ltr'><strong>Id</strong></span> <span class='ocrx_word' id='word_1_127' title='bbox 354 2463 382 2495; x_wconf 83' lang='lat' dir='ltr'><strong>eo</strong></span> <span class='ocrx_word' id='word_1_128' title='bbox 390 2443 439 2513; x_wconf 78' lang='lat' dir='ltr'><strong>fit,</strong></span> <span class='ocrx_word' id='word_1_129' title='bbox 451 2443 507 2496; x_wconf 73' lang='lat' dir='ltr'><strong>scil.</strong></span> <span class='ocrx_word' id='word_1_130' title='bbox 523 2457 553 2497; x_wconf 90' lang='lat' dir='ltr'><strong>ut</strong></span> <span class='ocrx_word' id='word_1_131' title='bbox 573 2444 676 2497; x_wconf 82' lang='lat' dir='ltr'><strong>occasio</strong></span> <span class='ocrx_word' id='word_1_132' title='bbox 690 2445 723 2498; x_wconf 80' lang='lat' dir='ltr'><strong>sit</strong></span> <span class='ocrx_word' id='word_1_133' title='bbox 805 2460 850 2512; x_wconf 91' lang='lat'><strong>7⁰·</strong></span> <span class='ocrx_word' id='word_1_134' title='bbox 864 2442 1062 2497; x_wconf 66' lang='lat' dir='ltr'><strong>Dexamenum.</strong></span> <span class='ocrx_word' id='word_1_135' title='bbox 1084 2443 1152 2496; x_wconf 80' lang='lat' dir='ltr'><strong>Nem</strong></span> <span class='ocrx_word' id='word_1_136' title='bbox 1167 2443 1196 2496; x_wconf 89' lang='lat' dir='ltr'><strong>in</strong></span> <span class='ocrx_word' id='word_1_137' title='bbox 1207 2444 1280 2499; x_wconf 77' lang='lat' dir='ltr'><strong>rriu-</strong></span> 
     </span>
     <span class='ocr_line' id='line_1_21' title="bbox 210 2521 1281 2593; baseline 0.001 -15"><span class='ocrx_word' id='word_1_138' title='bbox 210 2525 248 2578; x_wconf 85' lang='lat' dir='ltr'>illi</span> <span class='ocrx_word' id='word_1_139' title='bbox 264 2544 291 2578; x_wconf 85' lang='lat' dir='ltr'><strong>se</strong></span> <span class='ocrx_word' id='word_1_140' title='bbox 307 2525 444 2593; x_wconf 83' lang='lat' dir='ltr'><strong>subripere</strong></span> <span class='ocrx_word' id='word_1_141' title='bbox 456 2522 488 2575; x_wconf 87' lang='lat' dir='ltr'><strong>ad</strong></span> <span class='ocrx_word' id='word_1_142' title='bbox 501 2542 560 2587; x_wconf 88' lang='lat' dir='ltr'><strong>me;</strong></span> <span class='ocrx_word' id='word_1_143' title='bbox 577 2543 631 2576; x_wconf 91' lang='lat' dir='ltr'><strong>non</strong></span> <span class='ocrx_word' id='word_1_144' title='bbox 645 2526 723 2577; x_wconf 87' lang='lat' dir='ltr'><strong>intel·</strong></span> <span class='ocrx_word' id='word_1_145' title='bbox 765 2521 852 2575; x_wconf 76' lang='lat' dir='ltr'><strong>trudis</strong></span> <span class='ocrx_word' id='word_1_146' title='bbox 862 2535 887 2575; x_wconf 86' lang='lat' dir='ltr'><strong>et</strong></span> <span class='ocrx_word' id='word_1_147' title='bbox 899 2521 1037 2593; x_wconf 80' lang='lat' dir='ltr'><strong>precandis</strong></span> <span class='ocrx_word' id='word_1_148' title='bbox 1046 2521 1113 2587; x_wconf 81' lang='lat' dir='ltr'><strong>diis,</strong></span> <span class='ocrx_word' id='word_1_149' title='bbox 1124 2521 1281 2579; x_wconf 76' lang='lat' dir='ltr'><strong>dextrovor-</strong></span> 
     </span>
     <span class='ocr_line' id='line_1_22' title="bbox 208 2603 1279 2674; baseline 0.001 -18"><span class='ocrx_word' id='word_1_150' title='bbox 208 2603 345 2674; x_wconf 77' lang='lat' dir='ltr'><strong>ligendurn</strong></span> <span class='ocrx_word' id='word_1_151' title='bbox 369 2621 425 2654; x_wconf 84' lang='lat' dir='ltr'><strong>eam</strong></span> <span class='ocrx_word' id='word_1_152' title='bbox 451 2603 555 2673; x_wconf 73' lang='lat' dir='ltr'><strong>fugere,</strong></span> <span class='ocrx_word' id='word_1_153' title='bbox 577 2605 639 2674; x_wconf 83' lang='lat' dir='ltr'><strong>qula</strong></span> <span class='ocrx_word' id='word_1_154' title='bbox 661 2606 723 2658; x_wconf 82' lang='lat' dir='ltr'><strong>leno</strong></span> <span class='ocrx_word' id='word_1_155' title='bbox 764 2620 821 2654; x_wconf 84' lang='lat' dir='ltr'><strong>sum</strong></span> <span class='ocrx_word' id='word_1_156' title='bbox 834 2616 975 2656; x_wconf 78' lang='lat' dir='ltr'><strong>revertere</strong></span> <span class='ocrx_word' id='word_1_157' title='bbox 984 2604 1115 2656; x_wconf 82' lang='lat' dir='ltr'><strong>solebant.</strong></span> <span class='ocrx_word' id='word_1_158' title='bbox 1127 2604 1279 2661; x_wconf 68' lang='lat' dir='ltr'><strong>Hiueiesti·</strong></span> 
     </span>
     <span class='ocr_line' id='line_1_23' title="bbox 208 2682 1280 2755; baseline 0.002 -20"><span class='ocrx_word' id='word_1_159' title='bbox 208 2702 294 2755; x_wconf 86' lang='lat' dir='ltr'><strong>prope</strong></span> <span class='ocrx_word' id='word_1_160' title='bbox 310 2683 428 2735; x_wconf 85' lang='lat' dir='ltr'><strong>incubat.</strong></span> <span class='ocrx_word' id='word_1_161' title='bbox 443 2683 476 2734; x_wconf 92' lang='lat' dir='ltr'><strong>N.</strong></span> <span class='ocrx_word' id='word_1_162' title='bbox 766 2699 798 2733; x_wconf 81' lang='lat' dir='ltr'><strong>ve</strong></span> <span class='ocrx_word' id='word_1_163' title='bbox 813 2682 840 2732; x_wconf 94' lang='lat' dir='ltr'><strong>in</strong></span> <span class='ocrx_word' id='word_1_164' title='bbox 854 2683 938 2735; x_wconf 78' lang='lat' dir='ltr'><strong>verbo</strong></span> <span class='ocrx_word' id='word_1_165' title='bbox 949 2696 1042 2734; x_wconf 78' lang='lat' dir='ltr'><strong>vertere</strong></span> <span class='ocrx_word' id='word_1_166' title='bbox 1053 2700 1085 2735; x_wconf 78' lang='lat' dir='ltr'><strong>ex</strong></span> <span class='ocrx_word' id='word_1_167' title='bbox 1095 2683 1223 2753; x_wconf 73' lang='lat' dir='ltr'><strong>ambiguo</strong></span> <span class='ocrx_word' id='word_1_168' title='bbox 1234 2684 1280 2737; x_wconf 83' lang='lat' dir='ltr'><strong>hic</strong></span> 
     </span>
    </p>

    <p class='ocr_par' dir='ltr' id='par_1_17' title="bbox 208 2759 1280 3709">
     <span class='ocr_line' id='line_1_24' title="bbox 250 2759 1095 2829; baseline 0.002 -14"><span class='ocrx_word' id='word_1_169' title='bbox 250 2768 296 2815; x_wconf 73' lang='lat'><strong>62.</strong></span> <span class='ocrx_word' id='word_1_170' title='bbox 304 2761 513 2829; x_wconf 76' lang='lat' dir='ltr'><strong>AErculapisono.</strong></span> <span class='ocrx_word' id='word_1_171' title='bbox 525 2762 603 2827; x_wconf 82' lang='lat' dir='ltr'><strong>Quia</strong></span> <span class='ocrx_word' id='word_1_172' title='bbox 613 2763 663 2817; x_wconf 82' lang='lat' dir='ltr'><strong>diis</strong></span> <span class='ocrx_word' id='word_1_173' title='bbox 673 2766 722 2817; x_wconf 78' lang='lat' dir='ltr'><strong>ali·</strong></span> <span class='ocrx_word' id='word_1_174' title='bbox 764 2759 834 2814; x_wconf 75' lang='lat' dir='ltr'><strong>ludit</strong></span> <span class='ocrx_word' id='word_1_175' title='bbox 843 2761 993 2815; x_wconf 68' lang='lat' dir='ltr'><strong>Palinurus·</strong></span> <span class='ocrx_word' id='word_1_176' title='bbox 1001 2763 1095 2815; x_wconf 76' lang='lat' dir='ltr'><strong>Tm.</strong></span> 
     </span>
     <span class='ocr_line' id='line_1_25' title="bbox 208 2840 1276 2914; baseline 0.007 -21"><span class='ocrx_word' id='word_1_177' title='bbox 208 2840 273 2914; x_wconf 88' lang='lat' dir='ltr'><strong>quid</strong></span> <span class='ocrx_word' id='word_1_178' title='bbox 291 2854 380 2911; x_wconf 81' lang='lat' dir='ltr'><strong>petere</strong></span> <span class='ocrx_word' id='word_1_179' title='bbox 404 2842 568 2911; x_wconf 74' lang='lat' dir='ltr'><strong>cogitabunt,</strong></span> <span class='ocrx_word' id='word_1_180' title='bbox 589 2846 722 2899; x_wconf 76' lang='lat' dir='ltr'><strong>cubabant</strong></span> <span class='ocrx_word' id='word_1_181' title='bbox 807 2858 853 2911; x_wconf 86' lang='lat'><strong>71·</strong></span> <span class='ocrx_word' id='word_1_182' title='bbox 869 2842 980 2893; x_wconf 79' lang='lat' dir='ltr'><strong>Horurc·</strong></span> <span class='ocrx_word' id='word_1_183' title='bbox 999 2842 1116 2895; x_wconf 76' lang='lat' dir='ltr'><strong>Lenonis</strong></span> <span class='ocrx_word' id='word_1_184' title='bbox 1126 2854 1153 2894; x_wconf 81' lang='lat' dir='ltr'><strong>et</strong></span> <span class='ocrx_word' id='word_1_185' title='bbox 1168 2843 1276 2912; x_wconf 71' lang='lat' dir='ltr'><strong>puella.</strong></span> 
     </span>
     <span class='ocr_line' id='line_1_26' title="bbox 208 2921 1278 2994; baseline 0 -19"><span class='ocrx_word' id='word_1_186' title='bbox 208 2923 236 2975; x_wconf 89' lang='lat' dir='ltr'><strong>in</strong></span> <span class='ocrx_word' id='word_1_187' title='bbox 249 2940 358 2985; x_wconf 84' lang='lat' dir='ltr'><strong>eorum,</strong></span> <span class='ocrx_word' id='word_1_188' title='bbox 369 2939 484 2991; x_wconf 89' lang='lat' dir='ltr'><strong>quorum</strong></span> <span class='ocrx_word' id='word_1_189' title='bbox 495 2940 546 2992; x_wconf 92' lang='lat' dir='ltr'><strong>ope</strong></span> <span class='ocrx_word' id='word_1_190' title='bbox 557 2922 721 2994; x_wconf 79' lang='lat' dir='ltr'><strong>indigebant,</strong></span> <span class='ocrx_word' id='word_1_191' title='bbox 807 2938 854 2989; x_wconf 76' lang='lat'><strong>72.</strong></span> <span class='ocrx_word' id='word_1_192' title='bbox 871 2921 1043 2973; x_wconf 74' lang='lat' dir='ltr'><strong>Jenraculrm.·</strong></span> <span class='ocrx_word' id='word_1_193' title='bbox 1053 2922 1130 2974; x_wconf 81' lang='lat' dir='ltr'><strong>More</strong></span> <span class='ocrx_word' id='word_1_194' title='bbox 1148 2922 1278 2977; x_wconf 77' lang='lat' dir='ltr'><strong>Veterum</strong></span> 
     </span>
     <span class='ocr_line' id='line_1_27' title="bbox 209 2999 1277 3073; baseline -0.003 -18"><span class='ocrx_word' id='word_1_195' title='bbox 209 3002 276 3056; x_wconf 73' lang='lat' dir='ltr'><strong>sanir</strong></span> <span class='ocrx_word' id='word_1_196' title='bbox 290 3013 297 3049; x_wconf 89' lang='lat'><strong>:</strong></span> <span class='ocrx_word' id='word_1_197' title='bbox 310 3014 434 3072; x_wconf 80' lang='lat' dir='ltr'><strong>tanquam</strong></span> <span class='ocrx_word' id='word_1_198' title='bbox 448 3019 573 3072; x_wconf 76' lang='lat' dir='ltr'><strong>responsa</strong></span> <span class='ocrx_word' id='word_1_199' title='bbox 585 3003 619 3054; x_wconf 85' lang='lat' dir='ltr'><strong>ab</strong></span> <span class='ocrx_word' id='word_1_200' title='bbox 632 3005 665 3055; x_wconf 76' lang='lat' dir='ltr'><strong>iis</strong></span> <span class='ocrx_word' id='word_1_201' title='bbox 678 3008 719 3058; x_wconf 84' lang='lat' dir='ltr'><strong>vel</strong></span> <span class='ocrx_word' id='word_1_202' title='bbox 764 2999 921 3052; x_wconf 71' lang='lat' dir='ltr'><strong>sacrificatio</strong></span> <span class='ocrx_word' id='word_1_203' title='bbox 932 3020 1003 3053; x_wconf 82' lang='lat' dir='ltr'><strong>coena</strong></span> <span class='ocrx_word' id='word_1_204' title='bbox 1016 3000 1069 3053; x_wconf 75' lang='lat' dir='ltr'><strong>diis</strong></span> <span class='ocrx_word' id='word_1_205' title='bbox 1079 3013 1136 3054; x_wconf 85' lang='lat' dir='ltr'><strong>erat</strong></span> <span class='ocrx_word' id='word_1_206' title='bbox 1146 3004 1277 3073; x_wconf 72' lang='lat' dir='ltr'><strong>appositu.</strong></span> 
     </span>
     <span class='ocr_line' id='line_1_28' title="bbox 209 3079 1280 3153; baseline 0.004 -22"><span class='ocrx_word' id='word_1_207' title='bbox 209 3082 347 3152; x_wconf 75' lang='lat' dir='ltr'><strong>vigilantes</strong></span> <span class='ocrx_word' id='word_1_208' title='bbox 359 3082 400 3132; x_wconf 82' lang='lat' dir='ltr'><strong>vel</strong></span> <span class='ocrx_word' id='word_1_209' title='bbox 412 3081 439 3132; x_wconf 93' lang='lat' dir='ltr'><strong>in</strong></span> <span class='ocrx_word' id='word_1_210' title='bbox 453 3083 552 3134; x_wconf 77' lang='lat' dir='ltr'><strong>somnis</strong></span> <span class='ocrx_word' id='word_1_211' title='bbox 563 3087 696 3153; x_wconf 72' lang='lat' dir='ltr'><strong>accepturi</strong></span> <span class='ocrx_word' id='word_1_212' title='bbox 711 3126 718 3149; x_wconf 75' lang='lat'><strong>,</strong></span> <span class='ocrx_word' id='word_1_213' title='bbox 765 3079 844 3132; x_wconf 86' lang='lat' dir='ltr'><strong>Nunc</strong></span> <span class='ocrx_word' id='word_1_214' title='bbox 850 3082 1014 3149; x_wconf 83' lang='lat' dir='ltr'><strong>jentaculum</strong></span> <span class='ocrx_word' id='word_1_215' title='bbox 1020 3079 1134 3133; x_wconf 82' lang='lat' dir='ltr'><strong>ridicule</strong></span> <span class='ocrx_word' id='word_1_216' title='bbox 1140 3094 1233 3135; x_wconf 85' lang='lat' dir='ltr'><strong>auctor</strong></span> <span class='ocrx_word' id='word_1_217' title='bbox 1239 3081 1280 3135; x_wconf 87' lang='lat' dir='ltr'><strong>di·</strong></span> 
     </span>
     <span class='ocr_line' id='line_1_29' title="bbox 209 3158 1215 3235; baseline 0.004 -22"><span class='ocrx_word' id='word_1_218' title='bbox 209 3173 239 3213; x_wconf 85' lang='lat' dir='ltr'><strong>ut</strong></span> <span class='ocrx_word' id='word_1_219' title='bbox 253 3172 328 3213; x_wconf 83' lang='lat' dir='ltr'><strong>notat</strong></span> <span class='ocrx_word' id='word_1_220' title='bbox 351 3161 457 3213; x_wconf 80' lang='lat' dir='ltr'><strong>Servius</strong></span> <span class='ocrx_word' id='word_1_221' title='bbox 471 3159 505 3213; x_wconf 85' lang='lat' dir='ltr'><strong>ad</strong></span> <span class='ocrx_word' id='word_1_222' title='bbox 527 3162 594 3215; x_wconf 81' lang='lat' dir='ltr'><strong>illud</strong></span> <span class='ocrx_word' id='word_1_223' title='bbox 612 3164 720 3235; x_wconf 78' lang='lat' dir='ltr'><strong>Virgilii</strong></span> <span class='ocrx_word' id='word_1_224' title='bbox 765 3158 818 3223; x_wconf 72' lang='lat' dir='ltr'><strong>xit,</strong></span> <span class='ocrx_word' id='word_1_225' title='bbox 829 3160 890 3230; x_wconf 70' lang='lat' dir='ltr'><strong>quia</strong></span> <span class='ocrx_word' id='word_1_226' title='bbox 909 3161 998 3231; x_wconf 80' lang='lat' dir='ltr'><strong>primo</strong></span> <span class='ocrx_word' id='word_1_227' title='bbox 1014 3178 1091 3212; x_wconf 67' lang='lat' dir='ltr'><strong>mnne</strong></span> <span class='ocrx_word' id='word_1_228' title='bbox 1108 3160 1163 3212; x_wconf 72' lang='lat' dir='ltr'><strong>fiet·</strong></span> <span class='ocrx_word' id='word_1_229' title='bbox 1179 3161 1215 3213; x_wconf 84' lang='lat' dir='ltr'><strong>N·</strong></span> 
     </span>
     <span class='ocr_line' id='line_1_30' title="bbox 209 3239 1279 3310; baseline 0.002 -19"><span class='ocrx_word' id='word_1_230' title='bbox 209 3241 264 3292; x_wconf 87' lang='lat' dir='ltr'><strong>vll</strong></span> <span class='ocrx_word' id='word_1_231' title='bbox 272 3243 331 3292; x_wconf 80' lang='lat' dir='ltr'><strong>AEn.</strong></span> <span class='ocrx_word' id='word_1_232' title='bbox 350 3264 361 3286; x_wconf 77' lang='grc' dir='ltr'>ι</span> <span class='ocrx_word' id='word_1_233' title='bbox 375 3258 552 3293; x_wconf 82' lang='lat' dir='ltr'><strong>...caesarum</strong></span> <span class='ocrx_word' id='word_1_234' title='bbox 566 3243 657 3296; x_wconf 80' lang='lat' dir='ltr'><strong>ovium</strong></span> <span class='ocrx_word' id='word_1_235' title='bbox 670 3247 720 3298; x_wconf 85' lang='lat' dir='ltr'><strong>sub</strong></span> <span class='ocrx_word' id='word_1_236' title='bbox 805 3241 852 3309; x_wconf 79' lang='lat'><strong>73.</strong></span> <span class='ocrx_word' id='word_1_237' title='bbox 862 3241 905 3292; x_wconf 85' lang='lat' dir='ltr'><strong>Aa</strong></span> <span class='ocrx_word' id='word_1_238' title='bbox 915 3252 1026 3310; x_wconf 77' lang='lat' dir='ltr'><strong>repones,</strong></span> <span class='ocrx_word' id='word_1_239' title='bbox 1036 3252 1087 3291; x_wconf 84' lang='lat' dir='ltr'><strong>etc.</strong></span> <span class='ocrx_word' id='word_1_240' title='bbox 1099 3239 1214 3310; x_wconf 80' lang='lat' dir='ltr'><strong>Captato</strong></span> <span class='ocrx_word' id='word_1_241' title='bbox 1225 3260 1279 3294; x_wconf 84' lang='lat' dir='ltr'><strong>rm·</strong></span> 
     </span>
     <span class='ocr_line' id='line_1_31' title="bbox 209 3316 1278 3390; baseline 0.005 -18"><span class='ocrx_word' id='word_1_242' title='bbox 209 3332 288 3373; x_wconf 75' lang='lat' dir='ltr'><strong>nocie</strong></span> <span class='ocrx_word' id='word_1_243' title='bbox 299 3319 386 3371; x_wconf 80' lang='lat' dir='ltr'><strong>silenti</strong></span> <span class='ocrx_word' id='word_1_244' title='bbox 396 3320 512 3373; x_wconf 77' lang='lat' dir='ltr'><strong>Pellibus</strong></span> <span class='ocrx_word' id='word_1_245' title='bbox 523 3322 646 3376; x_wconf 86' lang='lat' dir='ltr'><strong>incubuit</strong></span> <span class='ocrx_word' id='word_1_246' title='bbox 657 3337 719 3377; x_wconf 77' lang='lat' dir='ltr'><strong>sur·</strong></span> <span class='ocrx_word' id='word_1_247' title='bbox 764 3316 894 3387; x_wconf 75' lang='lat' dir='ltr'><strong>phibolie</strong></span> <span class='ocrx_word' id='word_1_248' title='bbox 918 3321 995 3384; x_wconf 79' lang='lat' dir='ltr'><strong>lusu,</strong></span> <span class='ocrx_word' id='word_1_249' title='bbox 1020 3336 1078 3390; x_wconf 76' lang='lat' dir='ltr'><strong>que</strong></span> <span class='ocrx_word' id='word_1_250' title='bbox 1111 3320 1278 3387; x_wconf 72' lang='lat' dir='ltr'><strong>precedente</strong></span> 
     </span>
     <span class='ocr_line' id='line_1_32' title="bbox 209 3399 1276 3473; baseline 0.002 -22"><span class='ocrx_word' id='word_1_251' title='bbox 209 3400 259 3462; x_wconf 83' lang='lat' dir='ltr'><strong>tir,</strong></span> <span class='ocrx_word' id='word_1_252' title='bbox 273 3416 433 3470; x_wconf 76' lang='lat' dir='ltr'><strong>somnosque</strong></span> <span class='ocrx_word' id='word_1_253' title='bbox 443 3400 538 3469; x_wconf 76' lang='lat' dir='ltr'><strong>perivit</strong></span> <span class='ocrx_word' id='word_1_254' title='bbox 548 3413 573 3455; x_wconf 82' lang='lat'><strong>⁸.</strong></span> <span class='ocrx_word' id='word_1_255' title='bbox 585 3402 628 3455; x_wconf 91' lang='lat' dir='ltr'><strong>Sic</strong></span> <span class='ocrx_word' id='word_1_256' title='bbox 639 3402 721 3473; x_wconf 78' lang='lat' dir='ltr'><strong>igitur</strong></span> <span class='ocrx_word' id='word_1_257' title='bbox 765 3414 842 3449; x_wconf 82' lang='lat' dir='ltr'><strong>versu</strong></span> <span class='ocrx_word' id='word_1_258' title='bbox 865 3399 946 3461; x_wconf 84' lang='lat' dir='ltr'><strong>inest,</strong></span> <span class='ocrx_word' id='word_1_259' title='bbox 971 3411 1105 3452; x_wconf 82' lang='lat' dir='ltr'><strong>scurratur</strong></span> <span class='ocrx_word' id='word_1_260' title='bbox 1126 3399 1276 3453; x_wconf 79' lang='lat' dir='ltr'><strong>Palinurus.</strong></span> 
     </span>
     <span class='ocr_line' id='line_1_33' title="bbox 210 3476 1276 3551; baseline 0.008 -26"><span class='ocrx_word' id='word_1_261' title='bbox 210 3478 302 3549; x_wconf 59' lang='lat' dir='ltr'><strong>agr-oti</strong></span> <span class='ocrx_word' id='word_1_262' title='bbox 319 3478 346 3529; x_wconf 87' lang='lat' dir='ltr'><strong>in</strong></span> <span class='ocrx_word' id='word_1_263' title='bbox 369 3479 470 3548; x_wconf 79' lang='lat' dir='ltr'><strong>templo</strong></span> <span class='ocrx_word' id='word_1_264' title='bbox 486 3482 628 3551; x_wconf 67' lang='lat' dir='ltr'><strong>AEreulapii</strong></span> <span class='ocrx_word' id='word_1_265' title='bbox 644 3482 721 3535; x_wconf 69' lang='lat' dir='ltr'><strong>ineu.</strong></span> <span class='ocrx_word' id='word_1_266' title='bbox 766 3476 830 3527; x_wconf 77' lang='lat' dir='ltr'><strong>Vovi</strong></span> <span class='ocrx_word' id='word_1_267' title='bbox 838 3479 1056 3548; x_wconf 74' lang='lat' dir='ltr'><strong>meinfirrepossit</strong></span> <span class='ocrx_word' id='word_1_268' title='bbox 1068 3477 1179 3549; x_wconf 76' lang='lat' dir='ltr'><strong>intelligi</strong></span> <span class='ocrx_word' id='word_1_269' title='bbox 1195 3480 1276 3532; x_wconf 70' lang='lat' dir='ltr'><strong>uvovi</strong></span> 
     </span>
     <span class='ocr_line' id='line_1_34' title="bbox 208 3554 1278 3630; baseline 0.01 -20"><span class='ocrx_word' id='word_1_270' title='bbox 208 3559 322 3620; x_wconf 80' lang='lat' dir='ltr'><strong>habant,</strong></span> <span class='ocrx_word' id='word_1_271' title='bbox 337 3555 370 3608; x_wconf 84' lang='lat' dir='ltr'><strong>ad</strong></span> <span class='ocrx_word' id='word_1_272' title='bbox 385 3557 503 3611; x_wconf 82' lang='lat' dir='ltr'><strong>remedia</strong></span> <span class='ocrx_word' id='word_1_273' title='bbox 517 3578 565 3630; x_wconf 87' lang='lat' dir='ltr'><strong>per</strong></span> <span class='ocrx_word' id='word_1_274' title='bbox 587 3562 718 3614; x_wconf 78' lang='lat' dir='ltr'><strong>somnium</strong></span> <span class='ocrx_word' id='word_1_275' title='bbox 764 3554 864 3608; x_wconf 66' lang='lat' dir='ltr'><strong>isssfflfl</strong></span> <span class='ocrx_word' id='word_1_276' title='bbox 878 3576 954 3621; x_wconf 76' lang='lat' dir='ltr'><strong>me»,</strong></span> <span class='ocrx_word' id='word_1_277' title='bbox 971 3577 1025 3627; x_wconf 69' lang='lat'>‘1¹¹⁰</span> <span class='ocrx_word' id='word_1_278' title='bbox 1039 3569 1132 3610; x_wconf 67' lang='grc' dir='ltr'><strong>ΰῡΰῑῑ·</strong></span> <span class='ocrx_word' id='word_1_279' title='bbox 1149 3558 1278 3613; x_wconf 64' lang='lat' dir='ltr'><strong>Phaedro·</strong></span> 
     </span>
     <span class='ocr_line' id='line_1_35' title="bbox 208 3634 1279 3709; baseline 0.007 -24"><span class='ocrx_word' id='word_1_280' title='bbox 208 3634 371 3709; x_wconf 70' lang='lat' dir='ltr'><strong>accipienda.</strong></span> <span class='ocrx_word' id='word_1_281' title='bbox 387 3639 480 3691; x_wconf 68' lang='lat' dir='ltr'><strong>Lam.</strong></span> <span class='ocrx_word' id='word_1_282' title='bbox 765 3653 824 3686; x_wconf 85' lang='lat' dir='ltr'><strong>mus</strong></span> <span class='ocrx_word' id='word_1_283' title='bbox 835 3634 952 3688; x_wconf 84' lang='lat' dir='ltr'><strong>dixerut:</strong></span> <span class='ocrx_word' id='word_1_284' title='bbox 968 3662 979 3682; x_wconf 80' lang='grc' dir='ltr'>ι</span> <span class='ocrx_word' id='word_1_285' title='bbox 989 3637 1049 3688; x_wconf 84' lang='lat' dir='ltr'><strong>vovi</strong></span> <span class='ocrx_word' id='word_1_286' title='bbox 1064 3638 1121 3689; x_wconf 80' lang='lat' dir='ltr'><strong>fore</strong></span> <span class='ocrx_word' id='word_1_287' title='bbox 1134 3653 1164 3691; x_wconf 86' lang='lat' dir='ltr'><strong>ur</strong></span> <span class='ocrx_word' id='word_1_288' title='bbox 1175 3658 1224 3709; x_wconf 76' lang='lat' dir='ltr'><strong>ego</strong></span> <span class='ocrx_word' id='word_1_289' title='bbox 1238 3641 1279 3693; x_wconf 93' lang='lat' dir='ltr'><strong>in-</strong></span> 
     </span>
    </p>

    <p class='ocr_par' dir='ltr' id='par_1_18' title="bbox 207 3714 1278 4024">
     <span class='ocr_line' id='line_1_36' title="bbox 247 3714 948 3790; baseline 0.003 -20"><span class='ocrx_word' id='word_1_290' title='bbox 247 3720 294 3771; x_wconf 80' lang='lat'><strong>63.</strong></span> <span class='ocrx_word' id='word_1_291' title='bbox 320 3718 434 3785; x_wconf 72' lang='lat' dir='ltr'><strong>Triginta</strong></span> <span class='ocrx_word' id='word_1_292' title='bbox 455 3722 541 3771; x_wconf 79' lang='lat' dir='ltr'><strong>minus.</strong></span> <span class='ocrx_word' id='word_1_293' title='bbox 565 3719 638 3772; x_wconf 87' lang='lat' dir='ltr'><strong>Mina</strong></span> <span class='ocrx_word' id='word_1_294' title='bbox 659 3739 720 3790; x_wconf 81' lang='lat' dir='ltr'><strong>pars</strong></span> <span class='ocrx_word' id='word_1_295' title='bbox 765 3714 948 3769; x_wconf 61' lang='lat' dir='ltr'><strong>&amp;treme-N·</strong></span> 
     </span>
     <span class='ocr_line' id='line_1_37' title="bbox 207 3796 1278 3869; baseline -0.002 -20"><span class='ocrx_word' id='word_1_296' title='bbox 207 3798 297 3850; x_wconf 82' lang='lat' dir='ltr'><strong>talenti</strong></span> <span class='ocrx_word' id='word_1_297' title='bbox 312 3798 484 3869; x_wconf 75' lang='lat' dir='ltr'><strong>sexagesima,</strong></span> <span class='ocrx_word' id='word_1_298' title='bbox 499 3812 605 3851; x_wconf 84' lang='lat' dir='ltr'><strong>centurn</strong></span> <span class='ocrx_word' id='word_1_299' title='bbox 627 3800 721 3852; x_wconf 87' lang='lat' dir='ltr'><strong>drach·</strong></span> <span class='ocrx_word' id='word_1_300' title='bbox 806 3802 855 3865; x_wconf 71' lang='lat'><strong>74.</strong></span> <span class='ocrx_word' id='word_1_301' title='bbox 871 3796 932 3847; x_wconf 83' lang='lat' dir='ltr'><strong>Tum</strong></span> <span class='ocrx_word' id='word_1_302' title='bbox 950 3808 976 3846; x_wconf 78' lang='lat' dir='ltr'><strong>tu</strong></span> <span class='ocrx_word' id='word_1_303' title='bbox 992 3796 1127 3861; x_wconf 82' lang='lat' dir='ltr'><strong>Venerem,</strong></span> <span class='ocrx_word' id='word_1_304' title='bbox 1149 3810 1199 3849; x_wconf 85' lang='lat' dir='ltr'><strong>etc.</strong></span> <span class='ocrx_word' id='word_1_305' title='bbox 1215 3797 1278 3851; x_wconf 65' lang='lat' dir='ltr'><strong>Hac</strong></span> 
     </span>
     <span class='ocr_line' id='line_1_38' title="bbox 207 3871 1278 3947; baseline -0.001 -17"><span class='ocrx_word' id='word_1_306' title='bbox 207 3895 264 3929; x_wconf 76' lang='lat' dir='ltr'><strong>mas</strong></span> <span class='ocrx_word' id='word_1_307' title='bbox 282 3876 464 3947; x_wconf 65' lang='lat' dir='ltr'><strong>aequiparans,</strong></span> <span class='ocrx_word' id='word_1_308' title='bbox 484 3889 601 3931; x_wconf 71' lang='lat' dir='ltr'><strong>nostrate</strong></span> <span class='ocrx_word' id='word_1_309' title='bbox 615 3892 720 3933; x_wconf 76' lang='lat' dir='ltr'><strong>moneta</strong></span> <span class='ocrx_word' id='word_1_310' title='bbox 765 3871 832 3926; x_wconf 87' lang='lat' dir='ltr'><strong>adeo</strong></span> <span class='ocrx_word' id='word_1_311' title='bbox 846 3874 966 3926; x_wconf 77' lang='lat' dir='ltr'><strong>fastidire</strong></span> <span class='ocrx_word' id='word_1_312' title='bbox 980 3875 1063 3935; x_wconf 79' lang='lat' dir='ltr'><strong>nolis,</strong></span> <span class='ocrx_word' id='word_1_313' title='bbox 1077 3890 1106 3928; x_wconf 83' lang='lat' dir='ltr'><strong>ut</strong></span> <span class='ocrx_word' id='word_1_314' title='bbox 1120 3895 1207 3929; x_wconf 77' lang='lat' dir='ltr'><strong>morer</strong></span> <span class='ocrx_word' id='word_1_315' title='bbox 1223 3880 1278 3930; x_wconf 87' lang='lat' dir='ltr'><strong>Ro-</strong></span> 
     </span>
     <span class='ocr_line' id='line_1_39' title="bbox 209 3953 1277 4024; baseline 0.002 -16"><span class='ocrx_word' id='word_1_316' title='bbox 209 3955 266 4008; x_wconf 77' lang='lat' dir='ltr'><strong>sere</strong></span> <span class='ocrx_word' id='word_1_317' title='bbox 280 3974 316 4024; x_wconf 82' lang='lat'><strong>9²</strong></span> <span class='ocrx_word' id='word_1_318' title='bbox 323 3956 417 4022; x_wconf 71' lang='lat' dir='ltr'><strong>francs</strong></span> <span class='ocrx_word' id='word_1_319' title='bbox 434 3956 469 4008; x_wconf 84' lang='lat' dir='ltr'><strong>N.</strong></span> <span class='ocrx_word' id='word_1_320' title='bbox 763 3971 904 4006; x_wconf 79' lang='lat' dir='ltr'><strong>manorum</strong></span> <span class='ocrx_word' id='word_1_321' title='bbox 917 3953 982 4024; x_wconf 88' lang='lat' dir='ltr'><strong>quid</strong></span> <span class='ocrx_word' id='word_1_322' title='bbox 991 3956 1134 4009; x_wconf 81' lang='lat' dir='ltr'><strong>tolerarent</strong></span> <span class='ocrx_word' id='word_1_323' title='bbox 1145 3975 1199 4008; x_wconf 93' lang='lat' dir='ltr'><strong>non</strong></span> <span class='ocrx_word' id='word_1_324' title='bbox 1212 3976 1277 4010; x_wconf 88' lang='lat' dir='ltr'><strong>con·</strong></span> 
     </span>
    </p>
   </div>
   <div class='ocr_carea' id='block_1_6' title="bbox 210 4031 1279 4186">
    <p class='ocr_par' dir='ltr' id='par_1_19' title="bbox 210 4031 1279 4186">
     <span class='ocr_line' id='line_1_40' title="bbox 246 4031 915 4105; baseline 0.001 -18"><span class='ocrx_word' id='word_1_325' title='bbox 246 4036 294 4100; x_wconf 72' lang='grc'><strong>64.</strong></span> <span class='ocrx_word' id='word_1_326' title='bbox 307 4036 402 4089; x_wconf 70' lang='lat' dir='ltr'><strong>Taleae.</strong></span> <span class='ocrx_word' id='word_1_327' title='bbox 419 4056 486 4105; x_wconf 69' lang='lat' dir='ltr'><strong>mag.</strong></span> <span class='ocrx_word' id='word_1_328' title='bbox 499 4036 542 4089; x_wconf 79' lang='lat' dir='ltr'><strong>Cf.</strong></span> <span class='ocrx_word' id='word_1_329' title='bbox 564 4035 664 4090; x_wconf 74' lang='lat' dir='ltr'><strong>Cieretl.</strong></span> <span class='ocrx_word' id='word_1_330' title='bbox 678 4038 718 4103; x_wconf 85' lang='lat' dir='ltr'><strong>ll,</strong></span> <span class='ocrx_word' id='word_1_331' title='bbox 763 4031 870 4086; x_wconf 71' lang='lat' dir='ltr'><strong>sideros.</strong></span> <span class='ocrx_word' id='word_1_332' title='bbox 882 4034 915 4086; x_wconf 89' lang='lat' dir='ltr'><strong>N.</strong></span> 
     </span>
     <span class='ocr_line' id='line_1_41' title="bbox 210 4114 1279 4186; baseline 0 -19"><span class='ocrx_word' id='word_1_333' title='bbox 210 4114 241 4179; x_wconf 77' lang='lat'><strong>3,</strong></span> <span class='ocrx_word' id='word_1_334' title='bbox 259 4134 303 4183; x_wconf 78' lang='lat'><strong>¹⁹·</strong></span> <span class='ocrx_word' id='word_1_335' title='bbox 315 4115 351 4168; x_wconf 77' lang='lat' dir='ltr'><strong>N.</strong></span> <span class='ocrx_word' id='word_1_336' title='bbox 805 4114 852 4181; x_wconf 78' lang='lat'><strong>75.</strong></span> <span class='ocrx_word' id='word_1_337' title='bbox 860 4115 953 4167; x_wconf 80' lang='lat' dir='ltr'><strong>Sinum.</strong></span> <span class='ocrx_word' id='word_1_338' title='bbox 962 4115 1066 4167; x_wconf 86' lang='lat' dir='ltr'><strong>Nonius</strong></span> <span class='ocrx_word' id='word_1_339' title='bbox 1076 4133 1083 4166; x_wconf 94' lang='lat'><strong>:</strong></span> <span class='ocrx_word' id='word_1_340' title='bbox 1095 4139 1107 4162; x_wconf 77' lang='grc' dir='ltr'>ι</span> <span class='ocrx_word' id='word_1_341' title='bbox 1117 4114 1190 4167; x_wconf 80' lang='lat' dir='ltr'><strong>sinus</strong></span> <span class='ocrx_word' id='word_1_342' title='bbox 1201 4128 1227 4167; x_wconf 80' lang='lat' dir='ltr'><strong>et</strong></span> <span class='ocrx_word' id='word_1_343' title='bbox 1236 4133 1279 4186; x_wconf 73' lang='lat' dir='ltr'><strong>ga-</strong></span> 
     </span>
    </p>
   </div>
   <div class='ocr_carea' id='block_1_7' title="bbox 0 0 1341 4792">
    <p class='ocr_par' dir='ltr' id='par_1_20' title="bbox 0 0 1341 4792">
     <span class='ocr_line' id='line_1_42' title="bbox 0 0 1341 4792; baseline 0 0"><span class='ocrx_word' id='word_1_344' title='bbox 0 0 1341 4792; x_wconf 95' lang='lat' dir='ltr'><strong> </strong></span> 
     </span>
    </p>
   </div>
  </div>
 </body>
</html>
