2670 4792
378 397 551 468 sorus
577 397 906 483 tuscanam.
1132 394 1178 489 39

103 529 226 594 Tecum
248 521 350 593 volo:
374 524 496 592 sociam
512 535 545 590 te
560 521 644 590 mibi
663 521 787 617 adopto
810 522 854 592 acl
875 544 982 591 meam
1005 519 1156 590 salutem.

106 661 188 707 aar..
210 636 305 725 Quid
322 636 408 704 istnc
429 635 542 730 negoti
551 632 615 702 'sti
631 648 693 703 aut·
709 634 786 730 quis
801 634 862 704 es?
880 656 989 704 ratu.
1007 635 1080 729 Ego
1103 654 1176 700 sum

254 745 344 816 illius
368 760 485 832 mater,

107 860 191 947 Qnae
209 859 281 926 haec
295 857 470 952 gestitavit.
485 879 567 926 nan.
585 855 743 925 Heiccine
757 870 795 925 tn
808 878 890 950 ergo
904 850 1058 924 habitas?
1068 874 1177 921 enan.

254 966 416 1039 Ariolare.
1125 951 1129 958 ’
1155 988 1179 1024 s·

107 1078 194 1165 sed,
212 1104 343 1173 quaeso,
362 1079 538 1173 ambages,
559 1076 697 1161 mulier,
719 1077 832 1162 mitte,
854 1089 955 1170 atque
970 1073 1036 1143 hoe
1052 1096 1131 1168 age,

109 1188 296 1284 Eloquere,
313 1189 404 1259 unde
423 1189 493 1258 haec
509 1203 587 1258 sunt
605 1188 688 1270 tibi,
707 1188 794 1273 cito,
817 1185 1011 1283 crepundia.

111 1324 194 1370 itan.
218 1303 296 1369 Mea
316 1301 389 1371 haec
407 1300 521 1370 herilis
540 1299 709 1394 gestitavit
732 1298 810 1368 filia.

111 1434 217 1481 nane.
239 1412 422 1481 Mentiris:
445 1436 524 1482 nam
546 1436 617 1481 mea
637 1410 830 1506 gestitavit,
851 1432 920 1478 non
940 1423 1009 1477 tua.

111 1541 221 1592 ruas.
244 1523 296 1591 Ne
314 1519 506 1617 obloquere.
527 1544 636 1592 nasae.
656 1525 776 1592 Taceo.
799 1544 908 1591 enan.
929 1518 1064 1607 Mulier,
1084 1541 1184 1614 perge

257 1630 379 1701 dicere.
1160 1652 1184 1691 ss

112 1742 181 1813 Ubi
197 1766 237 1812 ea
248 1742 307 1829 ἐι,
327 1767 401 1836 quae
418 1743 609 1836 gestitavit?
624 1764 711 1813 nan.
727 1743 810 1812 lleic
830 1743 865 1810 in
884 1763 1063 1838 proxumo.

112 1876 221 1923 ettam
242 1854 340 1923 lsteic
357 1853 509 1947 quidem,
531 1854 664 1948 edepol,
682 1855 746 1923 mei
769 1854 831 1921 viri
851 1853 981 1922 habitat
997 1877 1110 1947 gener.

113 1988 222 2033 namn.
238 1967 310 2035 Nae.
328 1990 437 2036 enan.
452 1965 647 2059 Obloqucre
667 1965 819 2033 rursum?
830 1966 936 2058 Perge
948 1988 1051 2058 porro
1066 1963 1186 2031 dicere.

112 2074 208 2162 Quot
227 2100 334 2145 annos
352 2090 453 2171 gnata
469 2075 617 2146 dicitur?
631 2099 714 2146 nst..
732 2080 864 2170 Septem
887 2088 920 2142 et
937 2073 1061 2143 decem.

113 2207 220 2255 anan.
232 2189 309 2255 Mea
316 2183 366 2254 'st.
377 2211 486 2256 namn.
498 2192 546 2256 Ea
553 2184 610 2274 'st,
621 2201 658 2255 ut
670 2210 830 2255 numerus
844 2209 1011 2253 annorum
1025 2182 1186 2252 adtulitso

115 2317 220 2365 rnen.
242 2295 345 2384 Quod
363 2297 596 2390 quaeritabam,
615 2296 719 2366 filiam
740 2297 850 2365 inveni
872 2320 989 2363 meam.

114 2426 198 2474 nst..
220 2406 324 2495 Quod
343 2408 528 2501 quaerebas,
549 2408 700 2503 reperisti
719 2435 727 2477 ε
746 2408 817 2503 jam
836 2432 950 2502 quaero
969 2430 1088 2475 meam.

150 2645 192 2697 79.
208 2629 281 2693 Quis,
297 2646 355 2701 sup.
369 2629 411 2692 11,
424 2629 452 2692 3,
468 2632 512 2682 66.
524 2631 555 2683 Ν.
672 2629 721 2683 sibi
734 2629 790 2682 fieri
806 2627 1018 2700 aLampsdiseo,
1029 2627 1102 2700 quod
1113 2628 1187 2700 prior

150 2706 193 2758 8ο.
207 2708 335 2772 Aristarc,
354 2706 466 2777 gallice,
479 2724 506 2760 tu
523 2711 627 2762 detritos.
673 2728 731 2762 eam
743 2708 944 2770 sollicitaverat,
954 2726 1013 2780 quae
1028 2707 1097 2760 ultro
1105 2709 1189 2762 soleat

114 2784 156 2838 Cf.
169 2785 241 2839 Asin.
253 2787 312 2852 Ill,
328 2806 358 2850 a,
379 2788 420 2841 33.
435 2786 469 2839 N.
673 2808 768 2861 rogare
785 2788 868 2852 viros,
881 2799 961 2859 stque
980 2785 1043 2841 inde
1056 2801 1187 2859 questum

150 2866 194 2916 81.
211 2869 262 2916 Hoc
271 2867 400 2938 agasup.
411 2868 437 2932 l,
450 2886 479 2932 1,
490 2870 533 2931 84.
545 2864 578 2922 N.
673 2872 770 2923 facere.
786 2869 866 2921 Decet
884 2867 940 2920 buc
961 2867 1045 2919 oratio
1065 2867 1188 2920 meretri·

151 2943 194 2995 83.
211 2949 268 2996 Mea
288 2949 370 2998 herilis
384 2949 453 3014 filia.
476 2947 542 3000 Filia
558 2947 630 3002 herto
674 2949 742 3002 ciam
759 2947 892 3001 ancillam.
905 2947 1029 2999 Drsssnn.

115 3040 190 3075 mete.
201 3022 245 3076 sic
252 3025 317 3078 Ter.
328 3024 439 3078 Plrorm.
449 3029 473 3093 1,
484 3045 505 3089 t,
513 3029 539 3088 5.
549 3047 629 3080 unam
710 3029 752 3081 88.
760 3032 903 3096 Obloquere‚
913 3046 962 3098 pro
970 3029 1115 3093 obloqueris,
1121 3024 1189 3079 indi·
1284 3092 1286 3096 ι

115 3101 229 3157 herilem
237 3104 324 3158 lilium
333 3107 391 3174 eins
399 3106 514 3173 (Getas),
522 3117 585 3162 etc·
594 3108 629 3161 N.
675 3109 779 3181 gnantis
786 3120 834 3161 est.
845 3106 907 3159 Hac
920 3104 954 3158 ad
964 3104 1172 3177 Lampadionem
1182 3126 1189 3171 ;

151 3183 196 3238 85.
212 3189 251 3235 tte
263 3189 407 3254 obloquere,
419 3186 436 3238 i.
445 3206 467 3238 s.
476 3206 510 3238 ne
521 3187 631 3259 loquen-
675 3186 812 3259 sequentia
827 3186 861 3240 ad
877 3185 1018 3238 Haliscsm.
1033 3185 1064 3237 N.

116 3274 169 3315 tem
183 3262 355 3337 interrumpe.
370 3264 412 3319 (ll.
433 3265 564 3318 Cureull
575 3304 582 3328 ,
598 3284 609 3320 ι
620 3306 628 3330 ,
711 3286 754 3334 9⁰·
764 3268 866 3318 Adtulit.
874 3265 910 3316 Ut
919 3283 1049 3318 numerus
1058 3282 1189 3317 annorum

117 3348 147 3406 41
161 3361 170 3405 ;
181 3344 341 3399 Mensulam.
352 3345 379 3407 1,
397 3365 425 3406 a,
440 3350 481 3408 46.
491 3347 522 3398 N.
675 3346 816 3400 convenit:
827 3357 854 3398 et
863 3344 924 3416 quia
932 3344 1071 3409 coris-snit,
1084 3341 1191 3396 videtur

152 3421 197 3492 87.
214 3426 316 3475 Habitat
333 3428 387 3476 viri
401 3445 485 3494 gener.
509 3424 559 3478 llic
579 3438 631 3478 tres
676 3439 749 3478 tuam
763 3423 961 3497 quodammodo
973 3424 1055 3476 filiam
1064 3422 1192 3478 attulisse.

117 3499 181 3555 istos
194 3504 288 3555 versic.
300 3522 315 3555 e
328 3504 409 3557 Prisc.
423 3505 465 3557 lib.
479 3505 529 3570 IV,
539 3503 632 3577 adjnn·
678 3506 771 3557 Ltus.
781 3509 864 3556 -An
875 3502 1030 3574 simpliciter
1038 3502 1154 3554 adtrtliti
1165 3521 1191 3574 q.

119 3581 157 3634 xit
169 3583 293 3636 hmbin.
307 3609 320 3630 ι
330 3603 371 3639 ns.
386 3582 532 3637 adhinnire
547 3604 631 3658 eqnu-
677 3605 704 3637 se
715 3585 774 3637 tulit
785 3584 796 3636 Ρ
809 3585 842 3636 Ν.

118 3661 171 3714 lam
185 3663 284 3734 possim
295 3683 343 3735 ego
352 3668 436 3725 hanc.
451 3664 478 3716 Si
490 3663 568 3717 detur
577 3665 633 3718 sola
714 3683 756 3732 91.
769 3667 896 3730 Reperisti.
912 3661 974 3715 Scil.
984 3661 1065 3714 liliam
1076 3673 1193 3714 tuom.-

118 3743 176 3795 soli.
189 3744 305 3798 Numito
319 3747 497 3800 mustulentus
507 3759 579 3798 astus
588 3764 633 3796 na·
679 3749 770 3796 Meam.
782 3743 870 3796 Scilic.
883 3742 1008 3795 cistellam
1018 3763 1025 3803 ;
1037 3740 1083 3793 sed
1096 3759 1192 3794 nomen

120 3824 171 3876 reis
184 3825 301 3896 attigit».
318 3828 424 3892 Quibus
443 3829 499 3880 hoec
518 3825 588 3879 addo
601 3845 633 3878 ex
679 3824 787 3886 reticet,
808 3836 838 3875 ut
854 3822 926 3874 lmlut
938 3822 1063 3892 ambiguo
1072 3820 1195 3891 puellanu

121 3901 235 3955 eodem:
248 3930 258 3951 ι
270 3924 311 3958 as.
324 3906 366 3958 Me
377 3906 537 3977 respondere
549 3917 636 3976 postu·
681 3904 712 3953 sit
726 3924 759 3954 an
774 3902 879 3955 cistella.
892 3902 946 3965 Qui
965 3902 1038 3953 lusus
1049 3919 1062 3952 a
1077 3902 1194 3972 Lampa-

121 3982 180 4035 las?
192 3984 319 4057 injurium
334 3999 387 4051 ειη
401 3988 520 4058 stipulari
532 4005 636 4057 semper
682 3983 763 4034 dione
776 4001 814 4035 vs.
833 4001 886 4050 seq.
902 3993 1056 4051 occupatur,
1077 3981 1195 4051 argutias

120 4061 167 4116 Me
181 4064 253 4118 ultro
268 4080 373 4137 oportet
386 4087 399 4118 a
415 4067 485 4127 viris,
496 4087 555 4119 eum
566 4084 635 4136 qum·
682 4063 765 4132 magis
781 4061 895 4132 captanti
911 4077 991 4131 quam
1008 4073 1037 4112 ut
1051 4061 1194 4115 cavillandi

121 4156 189 4194 unm
214 4143 306 4197 facio».
321 4146 365 4199 Ait
386 4146 489 4199 llalisca
511 4147 633 4218 injurium
680 4163 842 4216 quemquam
852 4144 942 4196 locum
951 4140 1197 4212 pretermisimus
