2670 4792
151 413 1194 439 mmmmssssmmwmmmss

333 636 980 746 ARGUMENTUM

468 853 514 914 (ur
531 865 696 912 ontearum
713 854 850 918 viuum)

393 1022 932 1153 PRISCIANI.

549 1282 806 1312 *affl*—

228 1456 423 1557 Cuucuuo
442 1472 545 1542 missu
567 1470 782 1543 Phaedromid
804 1472 830 1542 it
847 1473 1000 1561 Cariam,

231 1600 275 1667 tu
293 1611 385 1692 petat
403 1611 600 1690 argentum:
622 1596 669 1666 ibi
691 1594 747 1666 ille
765 1595 871 1667 eludit
890 1599 993 1669 anulo

227 1719 394 1790 Rivalem:
409 1720 525 1789 scribit
543 1734 643 1815 atque
661 1721 816 1816 obsignat
834 1719 957 1793 literas.

231 1843 434 1939 Conguoscit
455 1844 591 1940 signum
613 1847 719 1940 Lyco,
741 1845 799 1915 ubi
818 1846 920 1933 vidit,
939 1846 1055 1918 militis
1067 1875 1094 1939 :-

230 1974 275 2040 Ut
292 1970 433 2039 amicam
453 1970 580 2057 mittat,
601 1971 747 2064 pretium
767 1970 878 2040 lenoni
899 1971 998 2042 dedit.
1187 1991 1198 2028 ⁵
1256 1980 1263 1997 ¹

226 2098 394 2189 Lyconem
411 2091 505 2164 miles
519 2119 559 2163 ac
574 2093 728 2164 lenonem
745 2095 779 2162 in
792 2094 848 2188 jus
862 2096 959 2190 rapit.

227 2221 326 2312 Ipsus
344 2240 512 2303 sororem,
526 2241 628 2310 quam
647 2215 794 2309 peribat,
812 2218 960 2313 reperit:

230 2344 338 2413 Orata
359 2339 480 2435 quojus
499 2339 698 2409 Phaedromo
716 2339 860 2410 nubtum
879 2339 978 2412 locat.

168 2600 193 2636 r.
207 2583 316 2634 Carum.
331 2580 396 2635 lieo
412 2579 489 2636 carta
510 2598 571 2653 qua
589 2578 643 2643 tit,
685 2598 795 2653 gorram.
807 2585 909 2643 Sentit,
927 2593 979 2636 etc.
999 2581 1141 2656 Portquam
1155 2602 1198 2637 re·

130 2673 178 2716 aut
191 2661 236 2714 abi
251 2658 642 2733 terrarumsita,quoereudum,
686 2678 779 2713 vernus
811 2660 977 2733 Epidaurum
1004 2659 1038 2714 ad
1072 2662 1199 2718 Phoedro·

134 2759 190 2813 quo
211 2740 258 2794 ille
278 2741 405 2813 undeque
419 2739 508 2794 redire
523 2738 643 2812 potuerit
685 2755 767 2792 mum.
780 2738 814 2793 N.

130 2819 283 2893 quatriduo.
291 2821 334 2873 Sic
346 2822 417 2873 enim
428 2818 641 2873 aitadoleoceus:
722 2820 747 2872 5.
766 2824 797 2871 lle
813 2824 918 2872 amicam
928 2858 937 2883 ‚
956 2833 1006 2874 etc.
1024 2820 1160 2876 Creditum
1182 2842 1196 2872 a

130 2924 144 2944 ·
153 2898 555 2972 Miriuudiusqunrtur‘Cariam
566 2917 643 2970 pera·
687 2898 770 2952 milite
781 2900 923 2971 pecuniam
937 2899 1017 2953 aolvit
1029 2900 1134 2963 lenoni,
1153 2899 1199 2953 de·

130 2977 210 3031 titum
227 2992 319 3050 petere
335 2990 485 3050 argeutum.
512 2980 538 3031 1·
562 2977 642 3031 hodie
686 2989 778 3049 ceptus
794 2978 865 3031 selein
878 2978 973 3042 literis,
994 2979 1115 3031 etamica
1131 2979 1199 3030 mili-

130 3056 193 3110 heic
222 3056 308 3111 aderit
325 3085 346 3111 ι.
380 3057 447 3110 Nam
476 3059 505 3110 in
534 3057 641 3111 Cariam
686 3055 720 3109 tir
734 3058 847 3111 mittitur
856 3058 884 3110 in
896 3058 1044 3110 libertatem
1059 3078 1073 3110 a
1087 3059 1199 3120 lenone,

132 3135 270 3207 Epidauro
302 3136 364 3189 ueri
394 3135 552 3189 veniendum
576 3136 642 3201 luit,
686 3135 857 3190 redtrnditur
869 3136 1019 3190 Phoedromi
1033 3137 1156 3208 parasito.
1166 3136 1198 3190 N.

132 3232 220 3286 neque
245 3226 299 3267 tam
324 3214 410 3270 brevis
438 3217 563 3289 trajectus
588 3234 644 3269 ene
723 3217 748 3268 6.
765 3223 849 3284 Quam
857 3219 957 3286 peribat
972 3215 990 3267 i.
1009 3235 1036 3288 q.
1051 3216 1199 3289 deperibrt.

132 3295 227 3364 potuit.
239 3294 314 3348 Cur.
688 3295 777 3349 Corin.
788 3297 813 3361 1,
828 3316 854 3361 r,
869 3295 1119 3363 19.conf.Trucut.
1133 3298 1197 3369 Arg.

170 3379 246 3426 adl.
261 3379 406 3447 anulo,per
421 3373 523 3428 lurtum
536 3374 642 3446 spoliat.
687 3395 726 3429 vr.
737 3393 759 3427 r.
770 3376 803 3428 N.
1047 3370 1050 3375 ’

169 3453 196 3506 3.
208 3457 332 3516 Rivalem,
347 3454 455 3508 militem
467 3453 642 3527 Theraponti·
722 3454 749 3508 8.
760 3460 803 3508 Or.
809 3456 905 3524 quojm,
913 3472 998 3525 quum
1009 3453 1064 3526 ipa
1074 3455 1200 3526 postulet.
