2670 4792
358 392 522 463 eorus
547 395 583 480 1,
608 393 772 467 sonna
797 397 871 465 111.
1106 421 1145 492 tp

86 518 116 585 ls
134 514 191 584 ubi
215 512 337 584 malam
355 540 426 586 rem
444 515 507 587 scit
526 541 561 586 se
579 517 757 604 meruisse,
779 516 880 589 inlico

84 625 223 695 Pedibus
237 624 427 721 perfugium
446 626 596 722 peperit,
611 627 647 696 in
663 630 832 698 Lemnum
849 626 999 725 abfugit,

82 735 145 803 Ubi
164 734 340 804 habitabat
358 750 441 804 tum.
461 734 540 821 Illa,
559 761 660 832 quam
679 753 929 832 conpresserat,

83 848 231 914 Decumo
247 859 324 939 post.
342 870 455 915 meuse
471 860 588 916 exacto
608 847 683 919 heic
702 848 836 943 peperit
854 846 968 919 filiam.
1126 875 1150 915 ιε

82 956 247 1042 Quoniam
271 978 364 1024 reum
380 956 450 1049 ejus
472 956 552 1026 facti
573 957 696 1045 nescit,
715 958 772 1052 qui
796 959 873 1047 siet,

82 1068 259 1135 Paternum
281 1091 412 1136 servom
432 1067 483 1136 sui
498 1068 679 1163 participat
695 1068 833 1157 consili,

81 1179 144 1243 Dat
162 1201 236 1245 eam
253 1174 398 1271 puellam
415 1178 444 1246 ei
464 1202 561 1247 servo
577 1178 811 1272 exponendam
827 1179 872 1249 ad
892 1204 1021 1251 necem.

81 1289 110 1355 Is
126 1311 199 1356 eam
219 1287 361 1382 projecit
378 1314 387 1357 t
405 1288 476 1357 hec
493 1287 639 1382 puellam
658 1287 802 1360 sustulit.

82 1395 136 1466 llle
154 1395 242 1467 clam
260 1398 448 1468 observavit
465 1424 595 1486 servos,

83 1509 158 1595 Quo
172 1523 231 1578 aut
248 1534 330 1605 quas
349 1509 383 1577 in
401 1509 500 1578 aedeis
521 1509 593 1579 haec
612 1508 759 1605 puellam
777 1509 913 1580 deferat.

82 1619 124 1686 Ut
142 1643 277 1713 eampse
300 1644 358 1688 vos
377 1620 517 1689 audistis
536 1620 743 1705 confitericr,

81 1731 143 1797 Dat
164 1754 238 1798 eam
262 1728 409 1825 puellam
428 1731 594 1800 meretrici
613 1729 805 1817 Melaenidi,

81 1840 193 1934 anue
215 1839 370 1910 educavit
390 1852 462 1909 eam
484 1841 548 1910 sibi
567 1865 629 1937 pro
650 1839 719 1910 lilia

81 1951 165 2018 Bene
183 1975 222 2020 ae
240 1950 387 2045 pudice:
409 1965 481 2020 tum
499 1948 567 2022 illic
583 1966 695 2021 autem
717 1952 875 2020 Lemnius

80 2060 303 2155 Propinquam
319 2085 458 2130 uxorem
478 2060 593 2148 duxit,
612 2075 814 2155 congnatam
832 2086 938 2130 suam.

81 2170 126 2236 Ea
142 2169 230 2238 diem
248 2195 343 2240 suom
362 2171 466 2256 obiit,
485 2171 572 2241 sacta
591 2172 760 2267 morigera
772 2169 812 2239 ’st
832 2171 916 2241 viro.

81 2281 260 2375 Postquam¹
277 2279 331 2349 ille
352 2283 449 2352 uxori
463 2282 554 2376 justa
574 2280 671 2368 fecit,
689 2280 790 2351 inlico

79 2391 149 2459 Huc
167 2391 404 2485 conmigrauit,
425 2390 521 2461 duxit
538 2416 677 2461 uxorem
695 2393 751 2461 hic
773 2391 836 2460 sibi

79 2499 249 2586 Eamdem,
265 2527 366 2595 quam
383 2500 463 2571 olim
483 2503 645 2597 virginem
665 2501 739 2572 heic
759 2517 1012 2596 conpresserat,
1130 2525 1158 2567 ι.

79 2612 120 2678 Et
135 2635 207 2679 eam
227 2612 424 2705 congnoscit
442 2637 529 2695 esse,
547 2637 650 2707 quam
670 2625 912 2707 conpresserat.

80 2718 136 2791 Illa
153 2719 201 2790 illi
222 2721 322 2809 dicit,
342 2723 414 2817 ejus
435 2748 469 2792 se
487 2749 528 2792 ex
546 2723 669 2818 injuria

114 2920 154 2956 ιι,
166 2909 263 2957 Malam
275 2925 340 2970 rem,
350 2924 459 2977 poenam
472 2925 508 2960 ex
522 2907 591 2978 lege,
636 2904 703 2959 muli
715 2916 740 2957 et
749 2904 860 2957 aliorum
874 2903 1002 2971 historia,
1013 2917 1040 2959 et
1050 2923 1148 2961 comte·

78 3002 154 3057 mum
168 2985 279 3036 meritus
295 2996 340 3037 eet.
355 2985 437 3038 Dour.
634 2985 685 3039 dise
708 2985 819 3056 palliatse
833 2983 907 3054 (vid.
926 2984 1033 3037 Terent.
1049 2986 1145 3041 Heaut.

113 3064 153 3117 13.
175 3066 281 3115 Pedibus
293 3066 450 3131 perfugium,
464 3074 513 3117 etc.
538 3066 587 3118 Pe·
633 3066 763 3137 Hecyr.)‚
778 3076 802 3115 et
816 3064 887 3133 leges
899 3064 1076 3116 Romanorum
1092 3065 1146 3135 (ti-

78 3141 139 3195 dum
154 3142 226 3195 viam
240 3141 348 3197 invenit.
363 3145 504 3209 Perfugium
513 3142 587 3196 idem
632 3143 692 3195 tulis
707 3142 741 3195 de
752 3142 846 3193 infant.
858 3140 969 3212 exposit.
981 3147 991 3212 )
1005 3153 1143 3200 testantur.

78 3234 113 3275 eet
130 3220 203 3294 quod
225 3221 369 3293 effugium
390 3242 492 3288 parere.
513 3221 586 3293 quod
631 3223 722 3293 Vulgo
732 3230 872 3294 paupertas
884 3238 964 3274 causa
975 3221 1035 3289 fuir,
1045 3243 1093 3277 eur
1101 3243 1145 3280 ue·

78 3302 169 3355 fecere.
184 3300 257 3353 Nihil
273 3320 337 3373 ergo
356 3300 401 3353 hie
415 3299 584 3354 mutandum.
630 3314 670 3356 tos
682 3313 802 3373 parentes
816 3301 962 3373 objicerent
972 3302 1043 3356 neci.
1053 3304 1089 3358 N.

77 3380 115 3434 Ita
128 3399 247 3436 «moram
260 3379 503 3453 parere»Plautue,
514 3381 585 3433 Tru·
669 3399 708 3449 19.
723 3387 783 3432 Hoec
800 3379 870 3432 lena.
885 3380 920 3434 N.
1134 3386 1137 3393 '

77 3457 532 3530 ent-dissidium‚aatutem‚pacem
541 3479 586 3532 pa·
667 3469 709 3525 ²4.
724 3462 846 3511 Educava‘t
864 3458 990 3513 Melenis.
1008 3460 1044 3513 N.

77 3556 133 3591 rere
146 3565 158 3583 n
171 3538 215 3592 alii
231 3537 328 3591 dixere.
339 3539 478 3593 Boxaonn.
668 3557 709 3608 ²7·
732 3544 809 3590 Facta
827 3541 957 3606 mon'gera.
983 3537 1045 3592 Fuit
1062 3539 1140 3593 ebse-

113 3618 269 3670 15.Decumo
274 3632 330 3686 post
337 3637 428 3670 mense.
435 3616 478 3671 Cl.
488 3618 583 3691 Amph.
627 3636 724 3688 quens,
742 3618 806 3669 fecit
821 3616 893 3687 quod
907 3617 950 3669 vir
969 3618 1094 3688 optabat:
1113 3617 1143 3673 id

80 3712 109 3758 r,
124 3715 155 3758 a,
176 3715 218 3766 19.
232 3694 268 3748 N.
628 3696 698 3748 enim
715 3714 857 3749 commune
875 3695 1035 3748 maritorum
1051 3708 1142 3752 votnm

114 3781 153 3828 ιδ.
170 3781 245 3826 &um
262 3778 306 3843 qui
321 3777 375 3827 siet.
397 3774 582 3830 Helleniemus.
628 3774 656 3827 in
668 3773 814 3827 comoediis.
824 3775 898 3827 Asin.
908 3776 938 3841 1,
954 3774 1037 3838 1,do;
1051 3776 1089 3840 V,
1107 3796 1141 3841 ι,

76 3854 117 3905 ct.
131 3853 231 3907 Bacch.
243 3854 294 3917 111,
305 3857 339 3915 6,
355 3857 397 3907 26.
421 3855 454 3906 N.
629 3856 672 3910 56.
682 3856 773 3908 Lassa.

114 3934 152 3985 18.
167 3938 345 4002 Exponendam
362 3938 398 3985 ad
417 3954 509 3985 necem.
532 3933 583 3986 Hie
665 3952 706 4001 ²9·
719 3938 783 3994 Huc,
797 3933 948 4005 Sicyonem.
960 3933 994 3984 N.

77 4031 132 4064 mos
156 4013 206 4066 fuit
227 4014 358 4068 Veterum
379 4012 584 4076 celeberrimus,
665 4013 706 4067 32.
727 4014 832 4081 Injurr'a,
844 4012 1140 4086 exvioleutacompres·

76 4108 153 4161 quern
172 4104 199 4144 et
218 4085 382 4166 perantiqua
400 4091 515 4165 OEdipi‚
533 4093 585 4145 Ro·
629 4092 711 4146 sione.
721 4090 802 4145 Nulla
811 4090 851 4144 vis
863 4090 919 4144 eine
929 4090 1034 4163 injuria.
1046 4094 1140 4148 Lan.

171 4186 222 4251 Il.
999 4207 1017 4251 a
