2670 4792
383 402 554 470 ACTUS
579 402 616 483 1,
642 400 809 470 SCENA
834 399 883 465 11.

90 530 263 619 Tangere,
283 523 454 615 invergere
471 523 506 589 in
527 545 581 589 me
600 519 745 614 liquores
762 535 838 589 tuoe

93 639 178 707 Sino
200 633 328 703 ductim
347 659 355 700 :
372 631 431 701 sed
449 630 511 701 hac
527 632 625 718 abiit,
646 631 708 701 hac
730 652 920 727 persequar.

94 770 236 817 ranna.
261 746 340 815 Sitit
355 744 425 813 hac
442 768 536 813 anus.
553 765 671 815 rnna.
685 740 896 833 Quantillum
918 738 1012 809 sitit?
1025 762 1161 810 rauna.

243 856 377 925 Modica
391 853 450 937 'st‚

94 968 196 1059 Capit
212 962 425 1059 quadrantal.
444 988 560 1035 rania.
579 961 656 1033 Pol!
679 979 715 1033 ut
732 978 769 1033 tu
789 961 964 1056 praedicas,

96 1076 279 1145 Vindemia
297 1075 368 1144 haec
387 1075 466 1143 huic
483 1076 561 1142 anui
580 1099 648 1141 non
671 1074 750 1141 satis
768 1088 817 1141 est
835 1069 907 1141 soii.

94 1190 225 1257 Canem
244 1211 315 1256 esse
331 1186 420 1257 hane
437 1185 572 1279 quidem
592 1185 698 1279 magis
715 1209 775 1278 par
791 1183 875 1267 fuit3
892 1207 991 1277 sagax

95 1297 225 1366 Nasum
241 1295 351 1365 habet.
369 1320 446 1367 tarr.
463 1294 606 1381 Amabo,
622 1296 723 1389 quoja
738 1319 801 1362 vox
817 1308 913 1362 sonat
933 1293 1072 1388 procul?

97 1429 241 1475 anana.
261 1408 391 1476 Censeo
406 1405 493 1485 hanc
507 1403 738 1499 adpellandam
754 1426 856 1474 anum
872 1432 880 1473 :
894 1404 1012 1474 adibo:
1031 1405 1119 1487 redi,

96 1518 142 1585 Et
158 1517 287 1612 respice
303 1516 347 1585 ad
363 1541 417 1585 me
431 1517 517 1604 huc,
532 1514 615 1584 lena.
633 1540 710 1585 nau.
726 1519 901 1609 Inperator
918 1514 993 1608 quis
1005 1516 1074 1584 est?
1144 1549 1168 1573 w

98 1651 241 1697 ruffina.
259 1628 339 1695 Vini
358 1625 505 1721 pollens,
529 1625 659 1721 lepidus
673 1626 786 1713 Liber,

96 1736 175 1803 Tibi
195 1737 253 1830 qui
275 1739 437 1823 screanti,
454 1738 566 1821 sicca,
590 1739 796 1807 semisomnae

97 1845 216 1914 Adfert
239 1848 428 1941 potionem,
450 1863 482 1916 et
505 1862 536 1915 te
556 1846 707 1917 sedatum
732 1848 767 1916 it.

97 1980 177 2026 aaa.
197 1960 311 2047 Quam
329 1956 460 2052 longea
479 1983 532 2025 me
548 1955 663 2025 abest?
680 1981 816 2027 anana.
831 1961 961 2026 Lumen
976 1958 1038 2026 hoc
1059 1958 1144 2026 vide.

99 2091 178 2137 aaa.
195 2067 419 2137 Grandiorem
434 2067 575 2161 gradum
594 2093 676 2162 ergo
690 2066 741 2135 fac
756 2067 799 2135 ad
817 2093 888 2153 me,
906 2068 1053 2137 obsecro.
1145 2090 1169 2127 ¹⁵

100 2201 240 2247 aaaron.
255 2176 362 2248 Salve.
379 2202 455 2246 aaa.
476 2177 582 2271 Egon'
599 2176 688 2244 salva
707 2178 789 2263 sim,
808 2202 882 2271 quae
898 2178 952 2246 siti
970 2179 1056 2247 sicca
1071 2180 1170 2248 sum?

100 2312 237 2359 anana
265 2298 309 2359 At
328 2290 397 2381 jam
420 2287 521 2356 bibes.
551 2312 625 2357 naa.
652 2288 720 2357 Diu
740 2288 788 2356 fit.
812 2311 952 2357 aaron.
980 2293 1064 2357 Hem
1087 2290 1170 2377 tibi,

248 2424 332 2467 anus
350 2398 468 2493 lepida.

100 2530 180 2576 nun.
191 2508 301 2591 Salve,
312 2506 512 2577 oculissume
521 2508 634 2577 homo.
648 2530 766 2577 rium.
775 2507 1015 2600 Age‚ecfunde
1024 2509 1088 2578 hoc
1102 2511 1169 2580 cito

101 2621 143 2685 In
161 2617 376 2703 barathrum,
396 2641 538 2711 propere
553 2616 671 2711 proluc
684 2617 842 2687 cloacam.
859 2642 996 2689 anana.
1010 2623 1108 2691 Tace.

101 2725 192 2797 Nolo
209 2728 290 2796 huic
306 2727 469 2799 maledici.
483 2752 602 2799 aaran.
621 2729 754 2796 Faciam
771 2730 875 2823 igitur
896 2730 980 2799 male
994 2734 1115 2824 potius.
1146 2758 1171 2795 ιο

102 2860 181 2906 nau.
204 2840 338 2923 Venus,
360 2837 400 2905 de
419 2836 520 2932 paulo
543 2834 716 2931 paululum
739 2839 803 2907 hoc
822 2841 882 2908 tibi
906 2840 1007 2923 dabo,

147 3027 193 3063 ra.
207 3012 340 3080 invergere.
353 3009 385 3062 ld
395 3010 614 3073 est,iniundere.
659 3010 740 3072 bibon
766 3010 846 3064 vellet
869 3010 923 3063 dici
947 3031 1024 3082 potae
1050 3015 1119 3067 bibis.
1136 3017 1170 3069 N.

104 3089 615 3161 Virgil.AErr.VI,244:u...fr0uti·
702 3095 746 3145 ²8.
771 3092 929 3144 oculissime.
946 3093 1094 3147 Oculorum
1110 3114 1169 3148 ren·

103 3170 614 3241 quaintergitvinacamdus-,Tium
659 3188 702 3222 rua
716 3170 793 3223 nobis
813 3172 934 3224 omnium
956 3185 995 3224 eet
1011 3174 1169 3229 carissimus.

147 3248 189 3303 13.
201 3249 273 3302 Sino.
285 3250 365 3321 Supr.
376 3253 403 3314 1,
424 3267 454 3313 ι,
466 3249 513 3318 75.
531 3251 565 3304 N.
575 3283 615 3294 -
660 3249 725 3302 Ideo
747 3252 888 3303 oculorum
910 3254 937 3303 in
959 3254 1132 3325 exprimenda
1146 3258 1173 3309 vi

105 3330 214 3384 Dactim.
225 3328 393 3383 Adverbium
404 3331 455 3383 hoc
466 3331 616 3385 Priscianus
659 3330 756 3383 amorio
772 3332 865 3384 crebra
884 3330 915 3384 fit
938 3334 1045 3388 mentio.
1062 3337 1171 3389 Plautus

103 3410 295 3480 interpretatus
305 3423 344 3463 ert
356 3409 489 3471 ἀπνιυστὶ,
499 3409 574 3481 quod
583 3410 617 3463 ai·
660 3408 768 3481 quidem
776 3412 879 3464 oenum
888 3432 979 3478 amare,
986 3435 1036 3486 pro
1045 3434 1086 3480 eo,
1096 3414 1171 3487 quod

104 3490 214 3560 gnificat
233 3490 261 3541 in
283 3489 401 3542 bibendo
417 3489 569 3544 aviditatem
589 3503 616 3544 et
661 3503 712 3554 eat,
726 3491 895 3561 singuiariter
909 3513 996 3547 amare
1006 3496 1172 3557 3etoculissu·

104 3570 219 3640 copiam.
234 3570 342 3623 Canna.
661 3590 723 3622 mum
737 3571 865 3636 homiaem,
874 3591 923 3644 pro
934 3576 1082 3637 canusima,
1094 3573 1170 3628 dixit.

149 3650 195 3703 1⁵.
218 3648 382 3719 Quadrautal.
406 3649 520 3701 Fertur:
540 3651 619 3702 «Vae
662 3651 776 3703 Mum.

105 3728 184 3800 pedis
193 3728 330 3798 quadrati,
341 3741 401 3782 octo
409 3741 436 3781 et
445 3728 618 3800 quadraginta
703 3731 749 3782 31.
765 3730 806 3781 De
823 3732 912 3799 paulo,
927 3744 977 3785 etc.
994 3733 1067 3784 Anus
1089 3752 1174 3803 quan-

105 3809 178 3879 capit
192 3809 333 3861 sextarios:
347 3810 476 3878 amphora
489 3809 617 3861 Gracia.
663 3823 718 3862 tum
731 3809 833 3862 Veneri
844 3811 1000 3880 profusum,
1012 3823 1114 3864 tantum
1125 3814 1175 3867 sihi

151 3887 295 3956 18.Sagax
309 3907 403 3942 amum.
417 3889 511 3942 Nasum
522 3906 619 3959 genere
662 3902 824 3961 praereptum
838 3908 922 3960 quum
945 3903 1064 3960 reputet,
1086 3912 1175 3965 neque

107 3982 204 4021 neutro
215 3967 289 4039 apud
300 3970 419 4023 Veteres.
427 3970 506 4024 Cous.
519 3969 619 4039 Amph.
664 3981 750 4022 tamen
766 3969 951 4022 inhonoratam
965 3971 1096 4024 Venerem
1110 3992 1177 4045 prae·

108 4050 137 4111 1,
155 4050 260 4112 natu.
278 4047 310 4100 Ν.
664 4051 743 4102 terire
758 4047 868 4111 audeat,
891 4050 999 4120 paulum
1024 4050 1066 4103 vix
1087 4053 1177 4106 vixli·

152 4144 196 4197 ³7·
212 4126 315 4197 Diufit.
327 4130 448 4200 longum
461 4128 499 4183 itti
515 4126 623 4181 ridetur·
664 4130 723 4194 bat,
735 4142 827 4200 utpote
837 4128 870 4181 dc
883 4129 997 4199 pauxilla
1011 4132 1096 4203 copia,
1108 4152 1174 4203 pau·
