2670 4792
319 394 489 466 nortis
513 396 569 483 11,
595 394 763 466 scens
782 395 858 465 111.
1078 420 1123 492 η

64 524 130 591 iam
145 517 370 614 perducebam
386 516 477 588 illam
493 516 536 587 ad
549 542 605 588 me
618 515 752 588 suadela
771 540 864 587 mea:

64 635 150 700 Anus
166 630 196 699 ei
218 627 371 725 amplexa
388 644 439 699 est
458 653 591 725 genua,
614 628 766 725 plorans,
786 629 986 717 obsecrans,
1101 650 1126 689 2⁵

62 743 108 813 Ne
127 740 260 811 deserat
280 765 315 810 se
337 766 347 809 ε
369 765 443 809 eam
462 766 555 809 suam
577 765 647 810 esse
666 739 785 828 filiam,

62 854 166 945 Seque
186 876 260 919 cam
282 852 462 946 peperisse,
480 865 594 920 sancte
611 851 788 947 adjurabat
807 849 903 920 mibi.

62 966 168 1033 istanc
186 987 287 1057 quam
306 963 441 1057 quaeris,
459 962 589 1057 inquit,
607 988 669 1057 ego
684 963 799 1033 amicae
817 987 900 1031 mete

62 1072 161 1158 Dedi,
182 1098 256 1167 quae
274 1073 432 1143 educaret
451 1098 524 1143 eam
546 1098 609 1168 pro
627 1072 732 1143 filiola
752 1097 823 1144 sua.

60 1187 100 1254 Et
115 1184 216 1271 vivit,
232 1184 363 1279 inquit:
381 1184 439 1254 ubi
454 1210 493 1254 ea
512 1186 586 1255 est?
606 1185 742 1281 inquam
761 1181 962 1279 extempulo.
1101 1203 1129 1243 ³0

61 1316 165 1365 rnen.
180 1297 317 1365 Servate
333 1321 407 1384 nte,
418 1298 499 1380 Dei,
511 1296 660 1367 obsecro.
675 1322 758 1367 nen.
779 1300 822 1368 At
838 1322 890 1366 me
906 1295 1055 1391 perditis.

61 1427 165 1476 rnen.
184 1407 276 1495 Quoi
295 1407 384 1476 iiiam
407 1407 550 1507 dedisset
569 1408 750 1503 exquisisse
768 1407 932 1502 oportuit.

62 1537 171 1585 nster.
185 1516 333 1603 Quaesivi
345 1573 355 1605 ,
369 1532 403 1587 et
420 1518 506 1586 dixit
521 1520 686 1587 meretrici
703 1517 884 1589 Melaenidi.

62 1648 137 1694 tter„
156 1629 272 1695 Meum
292 1626 441 1697 elocutus
460 1643 508 1697 cst
528 1654 649 1698 nomen
670 1655 678 1698 :
699 1629 824 1698 interii.

63 1757 170 1806 tante.
191 1738 258 1807 Ubi
274 1737 403 1807 elocuta
416 1736 474 1825 ἐι,
492 1763 556 1833 ego
575 1740 737 1808 continuo
753 1730 854 1807 anutn
872 1739 1064 1832 interrogo:
1104 1754 1130 1795 ³⁵

61 1846 122 1915 Ubi
141 1847 290 1936 habitat,
307 1850 464 1944 inquam,
485 1849 608 1921 ducac
627 1851 819 1920 demonstra
839 1850 932 1919 rnibi.

61 1959 179 2026 Avecta
197 1973 263 2044 est,
276 1959 402 2053 inquit,
422 1985 561 2054 peregre
575 1960 654 2029 binc
672 1961 871 2029 habitatum.
885 1984 968 2031 stne.
986 1958 1130 2053 Obsipat

60 2065 231 2160 Aquoiam.
246 2093 353 2140 cestr.
369 2073 448 2160 Quo
462 2086 576 2140 avecta
586 2071 646 2156 'st,
664 2097 705 2140 eo
724 2096 902 2165 sequemur
917 2098 924 2139 :
942 2072 1064 2140 siccine

60 2176 131 2271 ngt’
149 2180 281 2272 nugas?
296 2181 423 2272 peristi.
441 2184 509 2265 Ne,
527 2181 657 2266 hercle,
676 2182 740 2250 hoc
762 2181 861 2276 longe
878 2181 988 2249 destiti

61 2287 184 2355 Instare
205 2314 309 2382 usque
328 2290 427 2378 adeo,
445 2292 552 2361 donec
570 2291 703 2386 adjurat
723 2319 757 2361 se
777 2318 861 2362 anus
1104 2318 1131 2361 to

59 2398 128 2465 Jatn
147 2399 229 2467 mibi
254 2416 450 2473 monstrare.
470 2427 577 2474 enan.
593 2408 638 2472 At
654 2430 720 2474 non
741 2406 874 2473 missam
892 2405 1053 2499 oportuit.

59 2527 164 2577 castr.
182 2511 340 2579 Servatur
355 2537 363 2579 ε
380 2512 438 2581 sed
453 2512 536 2583 iilaec
548 2540 582 2582 se
601 2516 781 2609 quamdam
799 2517 889 2584 aibat
904 2514 1078 2584 mulierem

58 2617 157 2685 Suam
176 2617 427 2691 benevolentem
447 2627 625 2695 convenire
642 2628 741 2695 etiam
761 2628 873 2721 prius,

58 2853 118 2907 olins
130 2855 182 2908 init
190 2857 327 2912 meretrix.
337 2864 368 2911 Ut
376 2862 536 2933 sit,qusliter
544 2878 572 2915 se
615 2864 698 2928 sima,
709 2865 745 2917 ci.
757 2864 834 2918 Most.
846 2863 886 2926 ΙΙ,
905 2880 929 2923 t.
940 2864 987 2928 563
997 2863 1074 2918 Trio.
1085 2862 1115 2916 ΙΙ
1122 2903 1131 2927 ,

57 2950 95 2987 res
109 2935 218 2989 babeat.
236 2937 270 2990 N.
616 2951 649 3009 4,
664 2947 706 3010 84.
718 2944 770 2998 Sed
785 2957 831 2997 aut
841 2945 935 3007 failor,
947 2957 992 2996 ant
1005 2956 1074 2997 errat
1085 2944 1130 2996 itte

90 3023 132 3079 ai.
147 3018 377 3088 1iiam,pueilttm.
393 3019 427 3071 N.
614 3043 699 3096 quum
712 3029 808 3092 perstiti
825 3043 874 3094 pro
898 3027 981 3074 destiti
992 3022 1129 3085 rescribit,

89 3093 134 3165 37.
150 3099 253 3163 Obsipat
267 3102 400 3165 Aqnoiata.
416 3099 514 3163 idest,
528 3119 570 3154 re·
614 3104 665 3157 bac
688 3105 921 3175 interpunctione:
943 3119 993 3168 ne,
1016 3103 1128 3167 hercle,

56 3187 126 3227 creat
135 3192 194 3228 nte:
219 3187 248 3228 ut
260 3177 289 3227 fit
304 3178 350 3239 iis,
361 3182 408 3250 qut
421 3180 511 3232 animo
521 3181 568 3235 de·
613 3184 667 3237 hoc
678 3185 765 3257 longe.
780 3183 896 3242 Perstiti.
907 3195 957 3236 etc.
980 3184 1020 3235 Eo
1031 3200 1129 3236 contu:

56 3254 130 3317 fecti,
153 3273 222 3327 aqna
249 3254 374 3327 adspersit
401 3276 565 3315 recreantur.
611 3283 646 3316 ne
667 3266 717 3317 boc
732 3263 944 3337 (spatio)ionge
959 3263 1127 3330 (abscedasa

55 3332 104 3388 nto
117 3336 190 3387 enirn
214 3336 395 3391 mendaciose
410 3338 479 3392 elabi
492 3361 568 3412 posse
611 3348 673 3412 me).
688 3345 731 3396 Sic
746 3345 846 3415 perstiti
860 3344 899 3396 itti
913 3344 1010 3398 instare
1020 3344 1125 3410 donec,

55 3428 148 3487 sperat.
164 3417 255 3469 Festus
276 3417 465 3489 interpretetur
484 3425 566 3490 tipus,
611 3436 661 3476 etc.
681 3425 715 3474 At
734 3423 810 3493 plane
831 3423 950 3494 procedit
971 3423 1056 3475 oratio
1071 3424 1126 3475 sic:

53 3494 567 3573 innittetindeesseaitudistipat,dis·
613 3522 645 3554 ne
666 3502 718 3556 boc
739 3502 849 3573 quidem
873 3504 952 3574 longe
980 3502 1068 3555 destiti
1089 3502 1128 3553 in·

53 3574 128 3647 jieit:
142 3576 261 3647 obsipat,
277 3579 384 3651 objicit:
400 3581 512 3652 insipat,
526 3583 568 3634 in·
613 3596 697 3648 stare,
712 3583 728 3634 i.
743 3601 768 3634 e.
789 3584 823 3634 ab
840 3583 964 3637 instando
975 3584 1023 3645 itii,
1034 3596 1083 3635 etc.
1095 3583 1129 3634 N.

52 3654 144 3727 jicits.
161 3656 201 3709 Ita
224 3656 268 3709 hio
281 3661 379 3727 obsipat
395 3674 434 3714 est
460 3661 568 3735 adsper·
650 3669 691 3723 Aa.
704 3661 1061 3732 Servatnr,intpersonaiiter,
1073 3660 1092 3711 i.
1105 3678 1129 3712 e.

56 3738 100 3809 git.
117 3738 216 3793 Laus.
613 3742 650 3794 rei
662 3740 776 3794 habetur
789 3758 851 3793 cura
861 3780 868 3802 ,
878 3742 934 3812 pari
951 3758 1073 3792 sermone
1087 3754 1127 3790 nt·

90 3820 132 3890 39.
146 3826 206 3873 Hoc.
220 3823 306 3877 Gron.
318 3823 450 3893 sapienter
462 3825 508 3874 hoc
527 3824 569 3876 in·
612 3839 664 3892 que
678 3845 688 3867 ι
700 3833 825 3881 curatur,
840 3823 993 3873 curatum'st
1003 3857 1010 3880 ,
1021 3817 1129 3870 curabi-

55 3910 216 3972 terpretatnr
239 3922 317 3956 sensu
345 3902 568 3969 demonstrativo,
612 3912 655 3953 tur
669 3925 690 3951 ·.
701 3900 741 3953 ct.
753 3900 849 3954 Bacch.
861 3902 912 3965 tv,
928 3918 958 3969 9,
972 3906 1038 3965 1443
1047 3898 1126 3970 Capt.

56 3981 153 4034 scilicet
177 3980 307 4035 histrione
329 3982 362 4035 ita
389 3982 513 4048 dicente,
539 3993 568 4033 ut
614 3979 711 4045 ll[,5,
730 3998 774 4049 7o.
789 3980 824 4032 N.

56 4072 127 4131 gestu
135 4059 244 4114 definiat
252 4061 361 4133 aliquod
371 4063 498 4135 epatium.
507 4060 531 4112 Η
534 4080 570 4115 nc
651 4061 693 4124 43.
702 4066 776 4111 Situm
786 4064 975 4113 benevolentem.
983 4058 1024 4113 Cf.
1033 4058 1131 4112 Bsceb.

57 4139 185 4212 loquendi
211 4141 326 4195 iorrnnla
349 4158 472 4195 nemone
491 4140 570 4194 tritis·
616 4141 674 4202 111,
688 4139 717 4206 3,
734 4156 778 4209 7¹·
797 4137 830 4189 N.
