2670 4792
406 413 572 481 aoros
597 412 656 493 n,
682 412 855 481 senua
881 415 955 482 111.
1166 439 1211 512 29

139 554 254 606 niun.
270 532 381 629 Hujus
400 559 462 630 ego
479 557 607 629 qnaero.
629 557 713 604 nnn.
728 534 808 623 Quo
820 535 920 605 modo
931 535 1046 631 igitur,
1060 537 1214 628 obsecro,

138 650 222 718 llaec
235 661 285 716 est
301 647 406 740 prior,
424 670 497 739 quae
514 644 620 714 nubta
636 669 727 714 nunc
742 645 811 714 est?
829 670 939 717 namn.
957 649 1113 719 Conteris
1188 666 1214 706 ⁶⁵

134 762 195 829 Tu
215 773 273 828 tua
291 781 344 826 me
360 758 529 843 oratione,
552 753 684 844 mulier,
704 755 854 850 quisquis
871 782 917 828 es.

131 868 393 938 Medioxumam
410 891 511 961 quam
531 865 626 934 duxit
642 890 798 952 uxorem,
818 892 858 936 ex
876 893 913 937 ea

136 981 258 1048 Gnata
278 991 327 1047 est
347 977 417 1047 haec
438 977 557 1071 virgo,
577 974 821 1046 Alcesimarcho
840 1004 913 1072 quae
934 978 1043 1048 datur.

132 1091 190 1158 Ea
207 1113 298 1157 uxor
311 1087 399 1157 diem
414 1087 498 1155 obiit
513 1114 520 1156 :
532 1086 603 1179 jam
618 1087 703 1156 scis?
724 1111 809 1157 nnn.
826 1090 938 1158 Teneo
953 1089 1039 1158 istuc
1053 1089 1143 1160 satis.

130 1197 209 1268 Sed
224 1221 288 1291 ego
306 1194 390 1266 illud
408 1220 522 1291 quaero
538 1197 791 1291 confragosum,
804 1222 873 1292 quo
894 1199 997 1269 modo
1191 1235 1219 1275 20

130 1309 242 1379 Prior
264 1308 429 1403 posterior
447 1308 508 1394 sit,
526 1322 561 1376 et
581 1308 747 1402 posterior
767 1309 810 1378 sit
831 1310 948 1404 prior?

132 1444 256 1490 nnn.
271 1419 370 1488 Prius
379 1418 467 1488 hanc
479 1418 680 1514 conpressit,
690 1444 789 1514 qoam
801 1445 938 1490 uxorem
954 1420 1050 1491 duxit
1062 1421 1216 1494 domum:

132 1530 242 1599 Prius
261 1528 398 1623 gravida
417 1527 570 1614 facta’st,
590 1528 750 1625 priusque
765 1532 896 1626 peperit
913 1530 1028 1601 filiam.

133 1640 228 1707 Eam
250 1650 428 1732 postquam
448 1638 595 1733 peperit,
611 1639 709 1732 jussit
729 1665 865 1736 parvam
882 1642 1014 1737 projici.

135 1752 217 1845 Ego
236 1773 310 1817 enm
329 1749 472 1843 projeci,
490 1748 555 1818 alia
574 1750 694 1821 mulier
712 1751 862 1836 sustulit,

136 1864 218 1955 Ego
232 1860 415 1955 inspectavi
431 1886 438 1928 :
454 1861 553 1929 herus
571 1860 659 1932 hanc
675 1863 770 1932 duxit
786 1863 918 1958 postibi.

139 1973 228 2041 Fam
248 1996 340 2040 nunc
359 1968 504 2066 puellam
523 1971 626 2041 liliam
645 1974 718 2067 ejus
735 1974 924 2068 quaerimus.

143 2080 240 2171 Quid
257 2106 349 2151 nunc
366 2081 486 2176 supina
506 2106 640 2151 sursum
656 2084 690 2150 in
710 2080 826 2152 caelum
843 2080 1030 2177 conspicis?

144 2215 228 2262 usn.
249 2196 376 2262 Inunc
390 2192 459 2285 jam
480 2194 567 2262 istuc
586 2217 654 2286 quo
671 2194 894 2289 properabas,
912 2191 995 2262 nihil
1017 2218 1142 2263 moror.

146 2305 247 2374 Nunc
256 2301 412 2372 intellexi.
427 2327 535 2373 namn.
550 2304 645 2390 Diis,
662 2303 793 2391 hercle,
808 2304 914 2374 habeo
928 2305 1089 2399 gratiam:
1194 2333 1219 2370 a.

149 2415 233 2485 Nam
254 2413 291 2481 ni
309 2412 498 2499 intellexes,
518 2439 707 2509 nunquam,
728 2415 843 2501 credo,
858 2405 1038 2486 amitteres.
1054 2429 1128 2486 (utet

151 2546 230 2593 unt..
245 2525 347 2593 Nunc
363 2522 446 2592 mihi
460 2523 557 2593 bonae
575 2550 745 2596 necessum
754 2527 793 2597 'st
808 2551 879 2597 csse
893 2527 1074 2623 ingratiis,

152 2634 361 2728 Quamquam
379 2658 449 2703 esse
465 2632 545 2702 nolo
562 2658 571 2703 ε
593 2660 662 2703 rem
683 2636 793 2733 palam
810 2661 881 2706 csse
896 2636 1064 2733 intellego.

152 2744 248 2815 Nunc
264 2756 397 2837 egomet
415 2743 527 2838 potius
548 2743 636 2814 hanc
652 2746 746 2817 inibo
766 2748 908 2845 gratiam

153 2853 199 2924 lb
219 2852 304 2940 illis,
321 2878 423 2948 quam
442 2851 525 2923 illaec
542 2854 668 2925 indicet
685 2883 764 2928 me:
788 2859 844 2929 ibo
861 2855 1016 2945 domum,
1195 2882 1220 2955 ⁸⁶.

152 2972 257 3062 Atque
273 2964 317 3035 ad
335 2966 500 3061 parenteis
519 2966 644 3036 reduco
664 2966 839 3040 Silenium.

183 3146 226 3195 66.
239 3145 362 3211 Quisquis.
371 3144 413 3198 cf.
423 3143 531 3203 nutu,
544 3146 620 3209 1‚16.
627 3144 660 3198 N.
704 3152 773 3194 sunt.
784 3141 864 3194 Conl.
880 3141 953 3194 Men.
968 3140 1017 3204 tv,
1032 3159 1062 3205 a,
1073 3138 1115 3192 25.
1124 3139 1217 3193 Laura.

183 3227 226 3293 67.
260 3225 454 3277 medioxumam.
487 3225 662 3286 Medianum,
718 3238 784 3289 .7²·
807 3225 886 3287 Quam
907 3219 1072 3293 conjunctio.
1096 3223 1221 3283 Uxorem,

152 3300 178 3354 it
188 3312 245 3364 eat,
261 3300 368 3366 media,
389 3302 536 3376 appellatur
550 3302 663 3356 Lemnia
706 3299 763 3353 scil.
773 3299 915 3353 Lemniam
925 3299 1008 3353 illam.
1024 3299 1119 3352 Liras.

152 3378 192 3433 illa
207 3380 318 3441 mulier.
332 3400 412 3453 quam
425 3382 514 3453 priore
525 3384 585 3436 loco
596 3401 662 3435 uxo·
743 3388 786 3450 74.
801 3385 878 3442 Eam,
891 3379 1031 3432 Silenium.
1050 3379 1144 3446 Peperit
1151 3376 1220 3430 Pha·

152 3476 205 3513 που
214 3457 300 3514 duxit.
310 3462 345 3515 Et
356 3461 525 3515 Phanostrata
535 3461 663 3533 quodam·
705 3471 829 3513 nostrata.
840 3491 874 3499 —-
891 3461 992 3528 Projr'cr',
1015 3458 1130 3529 exponi,
1149 3454 1221 3510 unde

152 3536 230 3592 nodo
243 3540 285 3593 bia
294 3539 415 3613 nupsisse
427 3538 599 3612 intelligenda
611 3554 660 3593 eat:
706 3552 745 3593 est
759 3539 803 3592 illa
818 3541 972 3609 projecticio.
986 3539 1059 3592 Can.

151 3618 245 3680 semel,
266 3637 352 3691 quum
365 3639 382 3672 a
403 3619 570 3692 Demiphone
588 3639 660 3672 com·
744 3622 784 3688 76.
795 3617 1223 3680 flancfflhanonratam.-1³ose·

151 3697 665 3771 premunitcrnmfflunmjustisnu-
708 3701 743 3749 itt
758 3736 766 3762 ,
784 3708 885 3768 postea.
913 3695 956 3749 Cf·
976 3695 1045 3749 Rud.
1068 3693 1125 3757 111,
1154 3691 1221 3757 t,8.

153 3774 209 3845 ptiia
221 3794 284 3831 cuna
294 3796 326 3830 eo
344 3779 466 3850 copulata
479 3790 526 3832 eat.
542 3779 630 3832 Lan.
707 3777 750 3832 Sic
762 3780 859 3829 interibi
866 3795 892 3847 p.
908 3775 1016 3837 interca,
1028 3775 1105 3844 Capt.
1118 3771 1175 3837 III,
1192 3788 1221 3836 r,

186 3874 229 3926 70·
258 3858 445 3927 Corasmgosnm.
484 3859 613 3930 Asperum
639 3869 665 3910 et
710 3854 1026 3927 31‚33.etpanim.tt.

155 3931 326 4006 impeditum,
344 3937 493 3991 mandatu
514 3936 580 3992 locis
600 3956 665 3991 con·
745 3937 788 3990 81.
803 3940 946 4001 Amicum,
957 3932 1112 3989 dimitteres.
1124 3930 1222 3985 Bacch.

154 4010 276 4087 liugnam,
299 4017 346 4088 qni
366 4016 492 4073 salebrosi
506 4028 532 4072 et
543 4016 666 4073 difficiles
709 4016 758 4080 IV,
770 4034 807 4085 9,
826 4022 868 4079 40.
882 4015 915 4069 Ν.
