2670 4792
144 373 187 445 is
485 372 863 461 crsrueusnts,

138 499 308 595 Peperisse
329 511 483 593 gustam,
504 511 606 593 atque
623 511 698 567 oum
716 522 752 567 se
771 522 867 569 servo
884 497 988 570 inlico

137 608 278 681 Dedisse
296 606 553 704 exponendam:
574 605 630 677 ille
649 607 818 705 extemplo
835 608 1002 681 servolum

136 721 238 792 iubet
255 718 350 790 illum
368 718 522 789 eumdem
542 719 711 813 persequi,
727 717 836 814 siqua
854 734 956 815 queat
1179 742 1206 784 ss

135 831 312 928 Reperire,
332 854 408 926 qum
429 829 610 901 sustulerit.
630 829 670 899 Ei
688 830 735 898 rei
754 854 847 901 nunc
864 854 959 901 suam

134 944 282 1040 Operam
300 965 407 1037 usque
423 939 564 1011 adsiduo
584 964 696 1010 servos
713 938 789 1028 dat,
808 939 835 1008 si
856 938 980 1035 possiet

133 1053 346 1126 Meretricem
367 1049 460 1123 illem
477 1051 647 1137 invenire,
662 1072 763 1146 quam
782 1047 864 1121 olim
884 1048 1017 1137 tollere,

134 1163 250 1252 Quom
267 1162 338 1258 ipse
358 1161 568 1258 exponebat,
588 1185 630 1231 ex
649 1160 778 1230 insidiis
795 1159 936 1230 viderat.

131 1275 234 1344 Nunc
251 1271 343 1369 quod
360 1271 524 1368 reliquom
542 1284 664 1358 restat,
681 1268 759 1340 volo
778 1269 984 1364 persolvere,
1176 1291 1204 1334 s·

131 1386 181 1457 Ut
197 1397 410 1479 expungatur
432 1407 577 1469 nomen,
595 1407 638 1451 ne
661 1381 745 1477 quid
762 1380 913 1470 debeam.

132 1492 337 1565 Adulescens
355 1492 432 1562 heic
452 1506 502 1563 est
522 1492 681 1588 Sicyoni:
702 1492 733 1561 ei
748 1493 830 1562 vivit
846 1507 954 1589 pater.

132 1608 167 1677 Is
184 1629 299 1675 amore
317 1603 546 1699 projecticiam
564 1600 656 1672 illam
674 1601 825 1698 deperit,

132 1717 219 1806 Quas
237 1714 364 1784 dudum
383 1713 465 1783 flens
482 1713 564 1783 hinc
583 1711 667 1783 abiit
684 1711 727 1782 ad
747 1727 888 1783 matrem
908 1735 1022 1799 suam,

132 1829 178 1898 Et
196 1823 252 1895 illa
272 1825 364 1895 huuc
380 1837 518 1910 contra,
539 1823 597 1919 qui
616 1839 664 1894 est
683 1849 779 1895 amor
799 1824 1037 1894 suavissumus.
1178 1843 1205 1891 ts

130 1939 181 2010 Ut
199 1950 278 2007 sunt
294 1934 459 2021 humana,
478 1932 562 2004 nihil
580 1949 629 2004 est
647 1949 846 2031 perpetuum
865 1933 993 2005 datum.

133 2049 232 2119 Pater
249 2044 453 2115 adulescenti
469 2044 550 2114 dare
566 2042 638 2116 volt
659 2067 823 2115 uxorem:
842 2044 907 2113 hoc
925 2043 984 2113 ubi

131 2160 242 2229 Mater
260 2155 410 2244 rescivit,
426 2154 525 2250 jussit
542 2156 663 2227 arcessi
684 2180 757 2227 enm
775 2154 924 2226 domum.

132 2273 213 2340 Haec
230 2292 282 2338 res
304 2267 351 2338 sic
369 2282 461 2364 gesta
481 2281 531 2336 est
548 2291 557 2337 ε
575 2265 662 2337 bene
679 2264 809 2354 valete,
829 2279 864 2335 et
880 2264 1004 2334 vincite

131 2380 266 2450 Virtute
282 2401 380 2464 vera,
396 2376 487 2472 quod
505 2377 629 2447 lecistis
647 2375 817 2446 antidhac.
1177 2393 1204 2434 ⁵0

131 2493 268 2561 Servate
285 2502 416 2559 vostros
433 2487 560 2576 socios,
576 2502 705 2557 veteres
721 2501 754 2557 et
771 2510 898 2556 novos:

131 2603 261 2695 Augcte
278 2596 400 2668 auxilie
417 2597 536 2668 restris
553 2597 653 2692 justis
669 2595 815 2691 legibus,

169 2833 215 2890 35.
230 2833 259 2886 Si
272 2851 337 2900 qna.
351 2832 372 2885 si
387 2849 440 2905 qua
454 2832 505 2885 ria.
726 2831 769 2884 50.
787 2834 879 2883 Virtute
893 2849 965 2884 vcra.
985 2829 1029 2883 ct.
1051 2830 1113 2884 Cas.
1134 2834 1204 2905 prol.

171 2913 213 2984 39.
228 2917 270 2965 Ex
288 2913 400 2976 insidiis,
412 2928 428 2964 e
441 2910 502 2964 loeo
517 2910 590 2964 unde
607 2910 646 2965 ri·
689 2912 733 2965 88.
747 2911 781 2963 Ν.

133 2992 323 3050 deretinrisus.
337 2990 372 3045 N.
726 2989 768 3042 ⁵2.
795 2991 971 3055 Vestrisjustis
993 2992 1094 3059 iegibus.
1113 2990 1203 3045 Veris·

171 3082 215 3140 to.
246 3075 401 3141 deliquere...
430 3073 572 3140 persolvere.
601 3068 644 3124 Ci.
687 3067 809 3124 similla
822 3069 910 3123 lectio.
934 3068 1203 3134 Quodenimrirdo·

132 3153 210 3226 capr.
222 3153 290 3225 prol.
305 3152 345 3204 16.
361 3149 393 3203 N.
688 3161 745 3203 ctus
765 3159 845 3221 negat
862 3167 890 3203 se
914 3164 1037 3220 exputare
1063 3151 1202 3223 quomodo

171 3240 213 3298 4¹·
241 3237 273 3284 Ut
294 3244 459 3298 expungatur.
478 3232 643 3298 depangere,
688 3230 790 3304 legibus
817 3228 915 3281 auxilia
936 3243 1111 3299 augerentur,
1134 3231 1203 3305 fugit

132 3313 266 3369 rationum
282 3311 395 3363 verbum
407 3319 453 3362 est.
475 3307 645 3380 Expungitur
687 3328 748 3364 euur
762 3309 839 3363 rstio.
852 3307 913 3360 Non
935 3307 969 3361 ad
980 3309 1078 3362 auxilia
1099 3323 1202 3366 tantum

134 3394 205 3447 enim
216 3389 333 3444 eubuli·
344 3400 370 3441 et
382 3386 644 3442 deleturnomende-
688 3409 719 3443 ea
731 3390 900 3451 referuntur,
919 3404 977 3459 quat
997 3386 1032 3440 de
1046 3390 1125 3454 justis
1141 3391 1202 3464 legi-

131 3471 242 3535 bitoris‚
258 3486 342 3543 quom
356 3467 443 3522 omnis
457 3467 569 3540 pecuma
583 3486 644 3540 per·
686 3469 737 3523 bus
746 3467 887 3534 dicuntur,
897 3466 944 3521 sed
955 3467 1033 3522 etiam
1050 3471 1083 3522 ad
1096 3471 1200 3527 socios:

132 3551 218 3611 soluta
232 3559 281 3604 est⁴
295 3549 365 3601 Eu.
687 3574 701 3595 ι
709 3548 818 3602 Servate
831 3559 935 3601 vestros
947 3547 1044 3610 socios,
1055 3560 1157 3603 veteres
1168 3570 1201 3607 nc

168 3636 213 3697 44.
227 3632 343 3690 Dudum,
357 3623 448 3680 modo.
468 3624 501 3680 N.
686 3645 784 3686 noros.
796 3628 896 3698 Augete
907 3625 1107 3682 auxiliovestris
1122 3630 1201 3701 justis

167 3712 209 3773 to.
224 3713 256 3762 tte
268 3721 323 3760 sunt
332 3706 450 3768 iwanno,
458 3716 508 3757 etc.
517 3702 594 3779 Scope
606 3722 643 3756 se·
686 3706 812 3779 legibuu.
823 3707 841 3759 J
843 3717 901 3758 uste
910 3705 1068 3777 imperando
1074 3707 1140 3762 dicit
1150 3711 1202 3762 Ro·

131 3787 250 3845 risludo
263 3787 416 3840 miscentur.
430 3783 642 3858 Cf.Capt.prol.
686 3803 844 3839 manosnon
863 3788 948 3838 solum
971 3787 1055 3839 socios
1073 3789 1200 3843 snossihi

132 3867 277 3935 anicii.
686 3871 900 3926 conservaturos,
924 3864 970 3919 sed
997 3866 1074 3919 etiam
1094 3869 1198 3922 auxilia

167 3947 211 4012 48.
235 3951 318 3998 Mater
344 3941 445 3998 silenti.
478 3949 582 3996 Domum
609 3941 643 3995 nd
688 3945 867 4011 nacturos,id
881 3959 1035 4022 est,gentes
1051 3962 1153 4003 exterus
1172 3964 1198 4002 et

128 4048 164 4083 se.
183 4024 216 4079 ll.
686 4025 846 4096 &florigenis
866 4028 955 4099 plures
985 4031 1140 4083 incitatores
1162 4028 1198 4082 ad
