2670 4792
139 328 179 439 ’ω
486 369 857 455 crsrnnnanm,

134 514 211 562 unu.
234 487 358 576 Stulte,
376 504 515 603 ecastor,
537 492 639 562 lecit:
662 492 720 562 sed
742 507 781 561 tu
801 516 1012 589 enunquam
1030 512 1116 565 cum¹
1128 499 1205 592 qui-

278 613 377 683 quam
398 614 471 658 Vll‘O

129 699 360 771 consuevisti?
372 724 434 771 su..
444 701 520 772 Nisi
533 700 669 795 quidem
683 725 760 771 curn
774 699 1032 791 Alcesimarcho,
1040 706 1181 777 nemine
1193 733 1203 777 s

132 813 251 906 Neque
273 810 468 906 pudicitiam
488 837 597 881 meam
620 811 703 881 mihi
722 810 807 882 alius
831 814 1009 908 quisquam
1028 815 1201 888 inminuit.

279 950 357 996 nnn.
373 926 540 1015 Obsecro,
1007 985 1011 994 ,
1177 960 1205 1000 s·

20 1078 22 1081 .
132 1035 253 1128 Quois
264 1035 367 1105 homo
383 1037 563 1107 insinuavit
581 1051 679 1132 pacto
698 1063 733 1108 se
749 1037 792 1107 ad
806 1037 862 1108 tei
876 1061 940 1108 sin.
956 1041 1022 1107 Per
1034 1039 1203 1136 Dionysia

87 1175 96 1193 ·
132 1152 242 1220 Mater
255 1177 413 1247 pompam
432 1179 486 1222 me
503 1167 687 1249 spectatum
705 1152 823 1223 duxit:
839 1151 920 1222 dum
936 1152 1037 1223 redeo
1046 1153 1205 1241 domum,

133 1260 338 1357 Conspicillo
355 1263 576 1336 consecutu’st
591 1261 781 1333 clanculum
798 1287 852 1332 me
867 1286 973 1356 usque
987 1261 1029 1332 ad
1048 1263 1158 1335 loreis.

133 1371 216 1442 lndc
234 1363 460 1456 inamicitiam
474 1373 655 1443 insinuavit
671 1359 748 1443 cum
765 1387 873 1442 matre
886 1388 919 1442 et
936 1398 1067 1443 mecum
1086 1373 1205 1462 simul,

87 1517 88 1520 ¹
133 1481 320 1571 Blanditiis,
336 1482 547 1573 muneribus,
558 1485 665 1555 donis.
683 1508 798 1556 onum
813 1483 900 1555 Mihi
916 1479 1017 1554 istum
1031 1485 1205 1556 hominem

279 1591 404 1668 vellem
419 1594 492 1664 dari
506 1649 516 1680 ,
1176 1613 1204 1665 ⁹⁵

133 1703 183 1771 Ut
207 1727 270 1798 ego
293 1701 388 1773 illum
417 1702 606 1775 vorsarem!
632 1727 698 1776 sm.
721 1704 815 1797 Quid
836 1705 946 1803 opu'st
969 1705 1102 1777 verbis?
1123 1730 1205 1777 oon-

280 1816 458 1886 suetudine
1083 1828 1084 1831 ’

134 1923 230 2019 Coepi
251 1947 363 1997 amare
384 1940 503 1998 contra
523 1952 586 2023 ego
605 1924 718 2011 illum,
740 1941 774 1996 et
803 1924 858 1996 ille
875 1950 939 1997 me.
973 1951 1053 1999 usn.
1076 1929 1110 1999 O
1129 1951 1205 1998 mea

280 2035 532 2108 Silenium.s1n.
552 2037 645 2128 Quid
662 2034 736 2107 est?

135 2169 214 2218 nnis.
230 2145 441 2219 Adsimulare
454 2174 567 2219 amare
580 2162 731 2243 oportet:
745 2173 823 2217 nam
837 2149 864 2217 si
881 2173 988 2235 ames,
1002 2147 1195 2242 extempulo

134 2256 257 2328 Melius
271 2256 460 2344 illimato,
473 2283 572 2354 quem
584 2284 692 2344 ames,
706 2257 879 2345 consulas,
891 2283 992 2353 quam
1008 2259 1055 2327 rei
1068 2272 1145 2328 tuae.

134 2389 198 2439 su..
214 2370 261 2438 At
270 2366 326 2438 ille
334 2371 503 2465 conceptis
512 2368 639 2465 juravit
652 2371 760 2440 verbis
774 2369 865 2465 apud
879 2384 1019 2439 matrem
1034 2394 1155 2458 meam,
1166 2400 1206 2430 ιω

170 2575 212 2626 9²·
228 2548 311 2627 Pomp.
323 2560 475 2627 speciatim
487 2557 646 2631 Delphidem
690 2558 787 2632 lingit:
798 2556 1007 2631 ·Dionystorum
1021 2575 1121 2629 pompa
1135 2569 1203 2623 erat;

135 2636 271 2711 Symaetho
289 2641 406 2709 primum
424 2639 493 2695 sidit
511 2652 538 2693 ct
554 2658 646 2692 amore
691 2637 831 2692 illeantsns
839 2650 1066 2709 meconseqnntns
1073 2650 1206 2712 estusque

135 2716 264 2788 deperiit,
276 2737 359 2790 qnnm
373 2720 464 2774 Diana
476 2738 599 2793 pompam
610 2720 646 2773 vi·
691 2717 818 2772 adfores.
835 2717 938 2771 Deinde
948 2715 1058 2770 domum
1077 2716 1205 2790 frequen·

134 2795 224 2866 deret,
239 2797 311 2870 upnd
323 2799 440 2854 Thence.
458 2798 536 2872 Idyll.
550 2800 585 2851 11.
604 2798 645 2853 Cf.
691 2808 764 2860 tans,
783 2808 809 2850 et
828 2799 908 2851 matri
925 2793 1085 2861 blandiens,
1103 2816 1147 2850 me
1160 2817 1206 2853 co·

135 2877 198 2930 sul.
208 2878 277 2950 prol.
287 2877 321 2931 36
328 2917 336 2944 ,
344 2892 370 2934 ct
381 2879 452 2934 infra
461 2891 551 2933 notum
562 2877 596 2932 ed
605 2897 645 2932 vs.
690 2877 793 2948 gnovit,
800 2880 860 2950 ipo
870 2897 928 2949 pin.
938 2873 1102 2930 Menandriis
1112 2877 1206 2948 puello

135 2963 180 3026 94.
192 2957 225 3011 N.
690 2954 815 3008 Plautina
829 2954 953 3026 comper.¹
962 2954 995 3007 N.

171 3041 213 3107 9³·
229 3041 380 3108 conspicillo.
397 3038 500 3093 Nonius
518 3036 646 3108 conspicil-
727 3036 770 3103 95.
782 3038 933 3096 Muneribus,
944 3036 1025 3086 donis.
1037 3033 1205 3106 progressio-

134 3117 184 3166 lum
198 3118 404 3188 exponitlocnrn
412 3117 486 3171 nude
494 3117 647 3190 conspicere
690 3134 752 3170 nem
761 3112 1206 3180 consuetudinisrerbsostendnnt3

134 3196 226 3267 possis.
237 3197 398 3252 Adolescens
407 3199 489 3269 igitur
502 3216 556 3251 non
565 3196 647 3250 modo
692 3213 790 3249 mouns
801 3195 966 3248 estofliciose
982 3194 1098 3267 aliquem
1114 3194 1205 3248 colen·

132 3293 187 3338 non
202 3274 266 3329 adiit
272 3277 390 3348 puellam
403 3274 593 3341 inverecunde,
601 3274 647 3330 sed
691 3275 739 3338 tis,
753 3273 856 3329 donum
873 3273 1017 3346 largientis.
1032 3273 1068 3326 N.

135 3371 193 3408 etin
206 3367 386 3426 consequutus
398 3367 436 3408 est
451 3356 486 3408 itu
501 3355 608 3426 procul,
618 3368 648 3408 ut
727 3357 771 3423 96.
790 3359 820 3406 Ut
832 3373 880 3422 ego
893 3357 961 3406 illrun
974 3358 1119 3405 uersarem!
1126 3350 1205 3405 cont.

134 3444 408 3506 econspectutumen
423 3434 648 3490 ennondisoede-
693 3434 765 3489 Asin.
778 3435 848 3498 1,a.
862 3433 904 3486 28.
1039 3427 1041 3430 ⁴

135 3526 186 3567 ret.
199 3512 232 3564 N.
728 3531 772 3585 97.
781 3517 847 3581 coepi
855 3533 880 3566 a.
891 3527 978 3564 contra
988 3531 1034 3581 ego
1045 3514 1123 3570 illum.
1132 3524 1157 3561 et
1164 3513 1206 3562 ills

171 3600 215 3662 94.
227 3595 305 3656 Inde,
319 3592 336 3645 i.
346 3610 372 3663 q.
382 3592 481 3647 deinde
490 3634 497 3659 ‚
507 3608 647 3665 ρωποι-
692 3612 739 3645 ms.
750 3592 793 3645 Sic
804 3591 873 3644 libri.
884 3592 964 3644 Forte
978 3601 1084 3643 temen:
1097 3615 1110 3635 ·
1119 3601 1148 3641 ut
1160 3589 1206 3643 ille
1224 3589 1231 3603 ⁸

135 3680 167 3725 In
189 3676 324 3726 amicitiam
345 3675 485 3727 insinuavit.
504 3675 647 3727 Lambinus
692 3669 1205 3735 me».Gu01.-comra‚vicissitudin—

136 3765 265 3806 memorat
276 3752 482 3824 Hermogenem.
494 3764 512 3805 t.
524 3753 575 3818 IV,
588 3772 647 3825 cap.
693 3751 762 3824 pbit.
773 3750 816 3814 11,
833 3769 864 3814 a,
877 3751 919 3802 62.
931 3749 964 3801 N.

134 3831 649 3905 mpiospiouto'pulaudantemadexem-
732 3848 787 3883 too.
804 3830 1032 3898 Conceptisjurorit
1048 3830 1140 3878 uerbis.
1159 3825 1207 3879 Est

135 3912 212 3984 plum
223 3911 367 3965 verecundi
378 3913 506 3966 sermonis
515 3912 543 3963 in
555 3931 585 3964 re
595 3922 649 3964 tnr-
692 3909 744 3962 alio
758 3918 895 3981 praeunte
904 3945 911 3972 ,
921 3920 946 3961 et
952 3904 1138 3981 jusjurandum
1150 3922 1207 3956 ver·

134 3991 164 4063 pi
185 4010 277 4045 versus
299 3991 458 4057 Menandri,
481 3991 579 4063 quibus
601 3989 648 4043 ille
692 3989 734 4042 bie
747 3984 1209 4063 eemalormnlacomprehensisvel

136 4071 249 4143 puellum
261 4071 397 4144 quomodo
408 4082 532 4142 corrupta
550 4069 648 4134 luerit,
692 4068 834 4132 recitante,
855 4068 898 4121 vel
924 4067 1082 4139 praelegente
1100 4067 1208 4137 jurare.

135 4150 351 4224 interrogatum,
379 4151 418 4206 sic
443 4147 648 4224 respondentem
693 4148 794 4205 Dicitur
808 4146 842 4205 ed
856 4145 1035 4204 differentium
1054 4143 1110 4220 ejus
1126 4143 1207 4219 juris·
