2670 4792
189 382 234 471 Sd
430 442 433 446 .
566 386 867 470 cunonem,

189 505 308 578 Viden'
324 520 361 573 nt
377 505 574 596 aperiuntur
591 509 689 579 aedeis
701 511 958 583 festivissumae?

188 623 276 690 Num
294 619 393 686 mutit
411 616 538 687 oerdot
554 635 603 688 est
621 620 761 716 lepidus.
782 648 899 696 rsnrn.
918 626 1013 714 Quin
1027 625 1086 694 das
1102 624 1267 694 savium?

189 753 327 800 runnu.
338 731 367 797 T
368 752 442 816 ace3
457 727 664 801 obcultemus
677 732 791 803 lumen
803 748 837 803 et
850 759 976 803 vocem.
992 758 1108 805 essin.
1121 737 1265 807 [tectas

427 936 653 1027 SCENA
691 924 1029 1030 SECUNDA.

339 1139 479 1223 neus,
504 1140 814 1228 rennuentes,
837 1143 1106 1213 rennuens,

188 1344 264 1392 nen.
281 1318 358 1390 Flos
375 1320 495 1389 veteris
510 1322 579 1389 vini
598 1322 680 1390 meis
698 1322 835 1391 naribus
849 1320 1001 1414 objectus
1014 1335 1074 1390 est.

185 1429 269 1522 Ejus
287 1454 380 1498 amos
398 1429 555 1523 cupidam
573 1456 627 1499 me
644 1430 712 1500 huc
730 1429 863 1525 prolicit
882 1455 941 1523 per
957 1430 1122 1500 tenebras.

184 1540 272 1626 Ubi,
286 1540 344 1607 ubi
355 1542 425 1609 est?
434 1565 540 1634 prope
555 1566 608 1609 me
622 1556 671 1610 est
681 1567 689 1610 :
700 1538 796 1611 evax!
812 1540 930 1610 liabeo.
945 1538 1052 1626 Salve,
1068 1541 1183 1613 anime
1201 1545 1265 1629 mi,

187 1648 300 1717 Liberi
316 1646 427 1741 lepos:
442 1665 479 1718 ut
492 1651 612 1719 veteris
629 1652 752 1720 vetusti
768 1650 889 1745 cupida
904 1648 997 1719 sum!

186 1758 274 1828 Nam
288 1760 439 1827 omnium
455 1776 665 1855 unguentum
684 1760 768 1829 odor
784 1786 854 1855 pne
871 1774 928 1828 tuo
946 1774 1067 1828 nautea
1082 1758 1133 1829 ’st.
1252 1784 1264 1819 ⁵

186 1870 238 1934 Tu
257 1867 338 1936 milti
360 1882 482 1951 stacte,
504 1884 541 1938 tn
560 1873 827 1957 cinnamomum,
844 1887 878 1939 tu
897 1894 991 1953 rose,

185 1979 235 2043 Tu
255 1977 426 2047 crocinum
443 1994 475 2049 et
492 1981 579 2050 casia
595 2006 650 2069 es,
672 1997 708 2050 tu
726 1980 903 2050 bdellium:
919 2002 995 2047 nam
1010 1980 1067 2048 ubi

187 2088 238 2154 Tu
258 2087 434 2179 profusus,
450 2091 495 2158 ibi
512 2116 574 2184 ego
596 2117 649 2160 me
667 2091 828 2185 pervelim
847 2089 1020 2183 sepultam.

188 2196 254 2265 Sed
274 2222 377 2292 quom
397 2200 506 2269 adhuc
526 2228 619 2290 naso,
640 2203 740 2291 odos,
763 2202 940 2270 obsecutus
962 2224 996 2269 es
1018 2223 1110 2286 meo,

188 2310 241 2375 Du
264 2308 404 2377 vicissim
427 2335 502 2380 meo
525 2315 654 2407 gutturi
674 2313 843 2407 goudium.

190 2417 282 2487 Nihil
303 2443 366 2513 ago
385 2434 520 2489 tecum:
542 2424 600 2492 ubi
617 2439 665 2492 est
685 2425 797 2518 ipsus?
815 2426 924 2518 ipsum
947 2436 1064 2516 expeto

229 2594 432 2663 95.Licet.Vid.
443 2597 539 2649 Bacch.
551 2598 579 2662 1,
594 2599 697 2661 r‚1.N.
785 2617 810 2667 7.
826 2598 963 2651 crocinum.
979 2596 1060 2649 Croci
1074 2606 1265 2665 unguentum

231 2691 256 2727 r.
272 2672 330 2726 Flos
340 2679 442 2739 veteris,
457 2690 508 2729 etc.
519 2676 597 2731 Conf.
609 2678 696 2731 Casin.
742 2678 778 2731 ita
792 2676 907 2739 dictum,
923 2678 1149 2738 orchomenon,
1163 2694 1264 2728 mm·

187 2754 244 2818 Ill,
264 2751 299 2815 5,
322 2758 367 2807 16.
384 2752 571 2809 Consulendus
586 2758 697 2811 Bothius
742 2761 829 2809 einum.
840 2757 866 2808 J.
878 2757 992 2809 Gun.—
1008 2755 1135 2807 Bdellium.
1147 2754 1263 2808 Gummi

188 2830 222 2885 de
242 2833 339 2884 borum
360 2853 484 2888 versuum
507 2836 616 2902 indole,
632 2856 700 2908 quos
744 2836 916 2891 arornutienm
940 2835 1002 2888 vide
1016 2836 1085 2889 Plin.
1109 2835 1178 2887 Hist.
1195 2834 1260 2888 Nnt.

187 2914 343 2983 pronuntiet
364 2929 548 2985 assyriorum,
569 2929 596 2968 et
618 2918 698 2970 relin-
745 2918 856 2983 X11‚9.
871 2916 961 2967 Lirin.

186 2992 235 3063 git.
248 2994 282 3047 N.
786 3000 813 3051 8.
828 2997 946 3047 Pervelim
953 2996 1079 3064 sepultam.
1092 2991 1167 3047 Adeo
1176 2993 1205 3045 in
1212 2992 1263 3047 de·

230 3093 256 3127 α.
275 3074 361 3127 Amos.
381 3076 517 3147 Antiqne;
539 3089 569 3129 nt
585 3100 597 3123 ι
610 3076 701 3141 colos,
744 3076 812 3129 liciis
823 3088 861 3128 est
875 3076 915 3129 illi
926 3075 1033 3137 vinum,
1046 3085 1075 3124 ut
1089 3092 1116 3126 se
1124 3085 1261 3127 mortuam

188 3171 286 3223 vapos,
309 3152 400 3217 nidos,
424 3168 474 3208 ete.
491 3181 503 3203 ι
521 3156 578 3209 Hac
594 3174 646 3207 nna
665 3154 700 3208 de
744 3175 798 3208 non
812 3167 931 3220 recuset,
951 3154 1015 3205 dnm
1034 3154 1073 3205 ibi
1094 3152 1199 3223 sepulta
1210 3154 1263 3217 sit,

185 3250 264 3285 canen
274 3234 510 3298 censeo‚Plautnm
519 3233 616 3287 dixisse
624 3254 700 3299 amos,
744 3236 791 3287 nbi
808 3235 866 3287 talis
878 3234 999 3304 prolusio
1015 3234 1069 3284 fiat.
1083 3233 1117 3285 N.

186 3312 259 3375 odos,
277 3312 358 3382 lepos‚·
376 3327 405 3365 nt
422 3317 585 3383 exprimeret
599 3334 700 3368 sermo·
788 3332 833 3369 11.
847 3315 919 3368 llldu'l
931 3333 980 3382 ago
994 3326 1078 3364 tecum.
1092 3312 1179 3382 liujus
1199 3330 1262 3364 om·

184 3410 246 3445 nem
260 3410 326 3444 unus
340 3393 458 3447 blesulae.
475 3396 593 3447 Aornin.
745 3395 824 3448 tionis
837 3395 987 3447 Lambinus
995 3392 1062 3447 dues
1076 3392 1262 3445 errarntiones

226 3479 254 3536 4.
269 3471 351 3523 Liberi
366 3473 441 3543 lepos.
465 3474 562 3527 Bacchi
576 3474 698 3527 suavitas.
743 3475 887 3546 proposuit
898 3494 925 3526 ε·
940 3475 965 3526 0
979 3472 1062 3536 odor,
1075 3474 1182 3525 inanem
1195 3490 1264 3541 ope·

184 3553 208 3603 T
210 3552 439 3605 sunm-Veteris
445 3558 543 3604 vetusti.
554 3554 621 3618 Qum
630 3556 699 3624 ejus·
743 3573 802 3609 mm
816 3568 903 3607 tecum
920 3573 997 3607 suino
1007 3579 1017 3599 ι
1031 3575 1038 3614 3
1053 3552 1093 3605 vel
1111 3580 1122 3599 ι
1132 3551 1157 3603 0
1173 3549 1263 3614 odor,

183 3631 245 3685 dem
262 3632 462 3702 significationis
478 3634 696 3703 conjunguntur,
743 3635 780 3685 nil
792 3648 917 3687 temeror
928 3659 938 3679 ι
950 3655 957 3693 ς
969 3650 1084 3704 quornm
1096 3632 1201 3683 Ernesti
1214 3648 1264 3700 po·

181 3712 441 3782 licetsignilicatione
451 3730 505 3764 non
519 3725 644 3783 augeant,
653 3731 698 3765 uu·
742 3714 879 3767 steriorern
894 3714 1004 3785 opterit.
1015 3714 1074 3782 Ego
1088 3723 1175 3763 tumen
1188 3711 1264 3780 prio·

181 3805 244 3861 gent
257 3793 456 3862 conjunctione.
474 3793 515 3845 ltu
535 3792 580 3844 liic
594 3792 695 3861 signifi·
741 3812 798 3847 rem
813 3811 921 3864 sequor,
934 3811 994 3864 qum
1005 3810 1067 3845 eum
1082 3791 1133 3844 hac
1143 3790 1262 3843 solemni

179 3871 694 3925 enturvinnmveterrimnmdloxnonu.
740 3872 885 3925 admodum
900 3873 1033 3927 locutione
1047 3871 1185 3924 convenit:
1197 3892 1209 3913 ι
1221 3869 1261 3921 nil

221 3952 248 4005 5.
263 3952 372 4003 Neutra.
383 3950 449 4005 Vitl.
462 3951 536 4004 Asin.
551 3953 587 4015 V,
602 3970 630 4015 2,
646 3952 693 4014 45.
740 3972 804 4022 ego,
824 3953 862 4005 nil
884 3954 937 4023 egis
953 3979 981 4017 ι,
998 3953 1015 4005 i.
1029 3970 1052 4005 e.
1072 3952 1174 4003 frustra
1193 3966 1261 4020 ago,

220 4034 246 4085 6.
257 4030 349 4084 Stacte.
359 4031 588 4091 Lntcx.oleumvo
599 4049 613 4082 e
624 4048 699 4103 myr·
743 4033 782 4087 uil
796 4033 913 4103 proficis.
924 4033 974 4086 Ubi
988 4046 1023 4084 cst
1038 4036 1103 4101 ipsus
1118 4029 1211 4081 Liberi
1225 4028 1263 4081 le-

178 4110 226 4162 tha
240 4111 322 4165 incise
338 4109 444 4164 sudans.
460 4110 555 4165 Line.
743 4131 802 4182 pos,
811 4113 852 4166 vel
861 4113 950 4167 Liber.
961 4115 1044 4177 Dens,
1057 4128 1119 4165 econ
1130 4107 1208 4164 dtus.
1221 4108 1259 4164 N.
