2670 4792
129 416 1200 443 §mmmmm

286 542 499 697 Arrun
540 603 1041 699 assumentum

381 801 953 929 CAMERARII.

564 1050 774 1083 “OC—¹⁶·

131 1195 266 1297 Huius
284 1220 457 1290 comoediae
476 1236 712 1316 argumentum
733 1237 785 1292 est
808 1237 909 1293 tenue
927 1248 968 1293 ac
986 1221 1142 1317 simplex,
1166 1223 1200 1291 in

129 1343 199 1415 sola
217 1343 485 1442 parasitinfraude
502 1343 643 1414 fortuita
659 1344 760 1440 paulo
775 1345 921 1440 plenius.
940 1348 1028 1417 Nam
1046 1344 1201 1415 introdu-

36 1502 40 1511 ·
95 1534 107 1569 ᾗ
130 1470 219 1539 citur
243 1467 434 1539 adolescens
456 1493 572 1581 amans
597 1467 743 1564 puellam
767 1495 786 1540 a
814 1469 936 1541 lenone
959 1494 1078 1556 avaro,
1098 1495 1201 1564 quam

131 1592 186 1662 ille
212 1594 348 1688 quidem
376 1591 575 1677 redimeret,
602 1593 666 1662 nisi
694 1593 836 1688 pecunia
863 1590 1001 1665 deesset.
1037 1597 1135 1663 Hanc
1165 1595 1202 1663 in

131 1718 231 1788 Caria
251 1742 286 1787 se
305 1742 402 1813 posse
427 1730 547 1786 mutuo
567 1740 698 1787 sumere
719 1742 873 1813 sperans,
894 1719 999 1788 mittit
1021 1715 1078 1787 illo
1100 1742 1202 1812 para·

129 1841 231 1909 situm
243 1864 360 1927 suum,
375 1840 433 1936 qui
447 1854 549 1935 petat.
560 1844 594 1910 Is
607 1843 785 1935 pecuniam
799 1842 955 1938 quidem,
967 1866 1066 1938 quam
1080 1856 1202 1913 mutuo

128 1964 287 2059 accipiat,
304 1965 429 2059 reperit
442 1962 568 2034 nullam
583 1990 592 2034 ε
616 1963 672 2034 sed
691 1963 854 2035 annulum
869 1966 904 2034 in
918 1964 1204 2060 potu'suffuratur

130 2086 262 2176 militis,
283 2114 303 2159 a
325 2115 393 2184 quo
419 2089 528 2161 fuerat
552 2089 596 2159 ad
621 2113 751 2159 ooenam
773 2089 941 2158 invitatus.
965 2091 1076 2185 Atque
1097 2104 1137 2159 ut
1160 2088 1203 2160 de

128 2211 246 2281 eodem
268 2227 487 2307 cognoverat,
507 2212 600 2307 quod
625 2213 759 2283 emisset
784 2210 929 2307 puellam
954 2238 973 2282 a
1003 2211 1144 2303 lenone,
1170 2228 1203 2283 et

129 2336 304 2430 pecuniam
329 2336 427 2406 sitam
446 2360 517 2406 esse
537 2336 627 2430 apud
646 2337 862 2432 trapezitam,
879 2336 1056 2433 consignat
1075 2334 1203 2406 annulo

129 2458 245 2529 militis
259 2458 389 2547 literas,
402 2484 523 2555 easque
535 2459 704 2554 trapezitae
718 2459 843 2547 reddit,
855 2475 955 2556 atque
970 2485 1073 2557 opera
1086 2459 1200 2552 hujus,

130 2583 303 2652 mulierem
321 2582 475 2670 abducit,
492 2597 651 2678 tanquam
665 2608 684 2652 a
701 2582 807 2653 milite
820 2584 950 2654 missus.
967 2584 1072 2653 Venit
1087 2599 1204 2679 postea

132 2707 243 2794 miles,
267 2721 300 2776 ct
335 2731 370 2775 se
401 2707 688 2794 circumventum,
715 2707 817 2802 inque
840 2707 893 2777 ira
917 2722 951 2777 et
972 2708 1206 2803 indignatione

131 2829 304 2901 mulierem
324 2829 415 2899 illam
437 2856 585 2900 sororem
605 2856 676 2901 esse
693 2855 788 2901 suam
807 2831 990 2926 cognoscit.
1005 2835 1121 2927 ltaque
1141 2855 1204 2926 pe-

132 2956 213 3024 tenti
233 2955 303 3025 haec
327 2954 426 3024 datur
443 2935 667 3044 Plraedrom03v
682 2970 757 3025 eta
780 2953 900 3026 lenone
924 2981 989 3027 xxx
1013 2957 1113 3026 minae
1134 2955 1204 3026 exi·

130 3095 266 3177 guntur.
285 3082 351 3150 Res
372 3080 499 3176 geritur
518 3079 692 3175 Epidauri.
