2670 4792
133 365 182 453 ιι
544 369 838 459 concurro,

141 513 279 561 runnu.
292 490 372 578 Quo
384 492 500 561 Venus
513 491 713 587 Cupidoque
727 493 876 588 inperat,
893 497 1076 595 suadetque
1089 525 1201 574 amor.

141 602 176 670 Si
194 599 301 671 media
321 627 387 670 nox
404 616 473 688 est,
491 601 559 671 sive
576 616 626 671 est
641 603 749 698 prim'a
767 629 918 701 vespera,

138 712 173 781 Si
192 710 291 782 statu’
306 710 481 781 condictus
499 736 576 783 cum
592 711 687 793 hoste
705 713 880 785 intercedit
899 715 987 804 dies,
1200 743 1213 781 s

139 824 266 892 Tamen
282 837 333 892 est
349 821 519 907 eundum,
538 848 606 916 quo
623 823 797 919 inperant,
815 825 978 922 ingratiis.

139 956 259 1004 eamr.
284 934 330 1003 At
355 931 488 1002 tandem
505 931 649 1002 taudem.
676 957 816 1005 runnu.
844 936 995 1008 Tandem
1015 962 1051 1008 eo
1072 937 1214 1011 odiosus
1233 1007 1237 1015 .

284 1042 379 1113 mihi.

138 1176 254 1225 namu.
272 1157 365 1225 Istuc
384 1154 519 1250 quidem
536 1178 599 1223 nec
616 1151 811 1243 bellum'st,
829 1179 890 1226 nec
911 1157 1153 1228 memorabile:

138 1269 225 1336 Tute
245 1265 305 1336 tibi
324 1290 409 1360 puer
429 1289 466 1335 es
483 1263 613 1351 lautus,
630 1262 721 1335 luces
742 1290 888 1336 cereum.

137 1401 278 1447 runnu.
293 1374 398 1471 Egon'
414 1375 623 1471 apicularum
640 1400 744 1471 opera
757 1392 950 1473 congestum
971 1400 1040 1447 nun
1053 1377 1161 1449 feram
1171 1412 1214 1470 ,ιο

63 1550 67 1558 .
136 1490 187 1557 Ει
205 1485 295 1557 dulci
311 1485 510 1575 oriundum,
528 1484 696 1556 melliculo
713 1484 804 1556 dulci
822 1486 921 1557 mco?

138 1622 255 1679 ranru,
273 1598 362 1668 Nam
371 1622 439 1692 quo
451 1611 485 1666 te
498 1595 607 1666 dicam
621 1620 683 1691 ego
693 1596 911 1668 irelrnmnn.
925 1596 961 1667 Si
976 1612 1013 1668 tu
1026 1622 1080 1668 me
1092 1622 1212 1695 rogeo,

136 1707 275 1793 Dicam,
291 1721 330 1775 nt
344 1706 437 1775 scias.
453 1730 569 1777 remu.
584 1705 619 1774 Si
634 1706 793 1802 rogitem,
810 1707 893 1802 quid
908 1708 1135 1803 respondeas?

136 1814 531 1911 runnulloclfisculapi
546 1815 717 1887 lannm'st.
727 1841 844 1889 remu.
853 1815 933 1887 Plus
940 1818 1012 1914 jam
1023 1843 1114 1889 anno
1123 1820 1208 1891 scio.

138 1951 274 1998 runnu.
288 1927 376 1996 Huic
390 1951 591 2021 proxumum
609 1924 693 2031 illud
707 1927 830 1997 ostium
846 1927 1136 2001 obclusissumum.
1185 1958 1209 1996 u

134 2038 246 2125 Salve,
268 2036 434 2108 valuistin’
449 2063 569 2133 usque,
587 2039 711 2107 ostium
730 2038 1036 2110 obclusissumum?

176 2196 209 2254 4,
225 2188 250 2243 5.
264 2186 293 2241 Si
303 2188 389 2241 medic.
404 2229 431 2242 ..
447 2192 469 2241 sl
485 2189 572 2242 statu'.
590 2190 643 2243 Seu
688 2188 769 2242 luerit
778 2188 800 2241 si
813 2188 882 2242 lorte
894 2207 981 2260 puer,
992 2190 1132 2262 micaeque
1142 2190 1212 2248 libe-

133 2268 221 2324 media
233 2281 329 2336 nocte,
340 2287 386 2322 eeu
399 2286 518 2340 vespere,
524 2268 643 2322 eundum
688 2269 728 2321 bit
740 2270 865 2335 Sumere,
874 2288 924 2340 pro
933 2288 1017 2341 puero
1030 2288 1077 2342 pce
1088 2272 1141 2325 erit
1148 2273 1210 2345 ipre

51 2362 55 2371 ·
132 2365 185 2409 eet.
200 2368 283 2422 quum
297 2347 502 2402 condictuediee
516 2347 601 2413 adest,
616 2348 643 2400 in
688 2349 774 2402 tibi».
789 2349 865 2401 Lucos
875 2348 1207 2422 cereum,ideet,prnlere

132 2430 246 2501 negotiis
267 2428 406 2492 civilibue;
427 2428 465 2481 cic
488 2427 644 2482 vadimonio
688 2428 737 2482 ribi
751 2428 844 2481 lacem.
860 2429 1095 2495 Casin.1,1‚3o.
1112 2431 1205 2488 cnon.

133 2505 644 2579 Venerieandromusobeequitur.Cf.
688 2507 933 2580 —Dietinguendo
947 2509 1072 2563 hocloco
1084 2510 1203 2578 varient,

134 2589 230 2643 Bacch.
243 2588 289 2653 11,
303 2607 332 2652 a,
344 2587 376 2652 l,
388 2587 439 2641 hac
450 2587 505 2658 ipra
518 2587 602 2643 fabul.
616 2588 645 2654 1,
688 2587 732 2641 elii
752 2588 835 2641 inciso
850 2601 912 2657 post
922 2609 985 2659 puer
998 2610 1023 2641 es
1044 2589 1148 2660 ponito,
1158 2592 1205 2663 alii

135 2668 206 2737 3‚5.
220 2669 246 2722 N
248 2665 400 2720 .-=-.5totus.
415 2693 427 2716 ι
439 2668 528 2720 Statue
538 2667 594 2721 dies
601 2686 646 2720 ro·
688 2679 749 2738 poet
765 2668 859 2729 lautus,
876 2667 950 2740 quod
964 2670 1060 2740 placet.
1072 2669 1109 2722 Et
1127 2670 1203 2727 eliud

131 2761 224 2814 cetur,
236 2748 283 2818 qui
295 2745 389 2817 judicii
408 2765 485 2801 cauea
497 2760 536 2801 eet
545 2747 645 2801 consti·
687 2765 794 2819 qnoque
806 2764 837 2800 ec
851 2748 946 2802 eervile
960 2751 1028 2803 cerei
1041 2748 1203 2819 praeferendi

132 2841 276 2883 turnucum
289 2826 378 2892 horte,
388 2824 416 2879 id
425 2838 465 2879 eet
475 2865 483 2888 ,
493 2827 644 2899 peregrino.
687 2827 808 2881 officium
817 2827 977 2882 Phaedromo
984 2828 1156 2900 ambiguitate
1166 2833 1205 2903 jo·

132 2911 197 2982 Ejue
213 2908 284 2961 enim
296 2907 400 2978 generis
413 2907 447 2960 ab
459 2908 573 2978 antiquie
584 2909 643 2960 llo·
687 2907 712 2960 ci
728 2908 883 2979 exprobrari
892 2910 1027 2981 suspicor,
1038 2907 1113 2980 quod
1125 2911 1203 2982 pueri

131 3003 183 3044 uter
196 2984 644 3060 appellabantur3quoderantpuri
687 2987 770 3052 lauti,
789 2986 818 3040 id
838 2999 893 3052 eet,
915 2985 995 3042 nitidi
1014 3001 1041 3041 et
1060 2989 1203 3061 elegantia,

129 3071 190 3141 jure
208 3086 268 3123 cum
289 3067 390 3140 populo
409 3085 521 3121 romano
537 3085 545 3120 ι
564 3080 644 3139 atque
687 3067 791 3120 notioni
805 3068 947 3134 convenit,
961 3081 989 3122 et
998 3068 1118 3140 empbaei
1131 3073 1203 3143 prio·

129 3150 231 3203 hostire
255 3148 404 3221 ponebatur
420 3166 472 3219 pro
494 3166 600 3220 aequare
617 3173 643 3202 ι.
686 3147 724 3200 rie
737 3165 828 3200 verene
842 3158 1070 3220 premonstratum
1084 3148 1119 3204 N.

132 3228 441 3284 rme-comtum.
456 3253 468 3276 ι
479 3226 642 3294 condicere,
730 3246 776 3281 rr.
797 3227 932 3280 Memento.
948 3227 1083 3288 Planesia,
1102 3229 1202 3284 amori·

131 3309 258 3382 inquiunt
271 3307 321 3361 JC.
333 3305 495 3360 denunciare
507 3320 546 3361 eet
556 3308 642 3381 prisce
685 3307 736 3361 buu
749 3306 823 3360 mein.
844 3309 950 3361 Donat.
963 3338 1003 3350 -
1021 3308 1103 3362 Coul'.
1120 3308 1198 3363 Ario.

129 3385 644 3462 lingue-‚Lmn—Videdehacfor·
686 3387 741 3449 111.
758 3387 791 3452 3,
805 3392 857 3452 αις
872 3387 1022 3454 Caein.1V,
1034 3395 1067 3454 4,
1084 3395 1132 3453 ι4.
1144 3390 1181 3444 Ν.

130 3471 204 3524 mula
218 3468 340 3523 Gronov.
352 3468 415 3521 Not.
428 3465 462 3519 ad
471 3466 597 3522 Senecam
608 3465 642 3520 de
727 3463 862 3521 16.Salve:
871 3467 1000 3520 vadrisu'u'
1009 3486 1092 3540 usque,
1103 3474 1198 3522 ostium.

130 3549 280 3623 Tranquill.
297 3549 385 3601 duim.
403 3547 451 3600 lib.
465 3547 509 3612 ll,
524 3560 551 3601 et
564 3547 641 3619 plura
686 3547 751 3600 Erat
762 3546 819 3601 herc
833 3546 999 3600 cousuetudo
1016 3548 1200 3619 interrogandi

129 3618 641 3703 derpwndtcmohserv.1‚1.cnor.'
685 3643 744 3692 coe,
766 3645 833 3697 quoe
850 3645 883 3680 ex
898 3627 1038 3680 intervallo
1053 3625 1200 3684 videbant:

171 3731 199 3782 9.
221 3712 283 3764 Tute
301 3709 346 3761 tibi
357 3728 420 3778 puer
435 3728 468 3759 es.
481 3706 594 3760 Seneuc:
611 3721 640 3760 tn
684 3725 758 3770 non,
779 3719 809 3759 ut
829 3706 865 3759 ita
886 3707 1042 3777 simpliciter
1061 3706 1196 3775 dicerent,

129 3792 202 3864 ipae,
216 3809 290 3844 more
303 3789 410 3853 servili,
431 3786 482 3840 tibi
497 3788 580 3840 lacem
595 3805 641 3857 ge·
686 3785 844 3839 Valuistiue?
859 3785 905 3838 ced
919 3787 972 3839 hoc
988 3786 1068 3840 modo
1086 3809 1091 3838 :
1109 3789 1201 3841 Valui-

128 3884 187 3925 etan.
193 3873 340 3924 Puerorum
348 3867 574 3921 eiveservulorum
584 3880 641 3920 erat
683 3867 743 3917 stiu'
756 3873 849 3938 usque?
865 3878 910 3919 eut
918 3880 1063 3937 perpetuane
1071 3868 1199 3920 valuisti?

129 3953 247 4006 olllcium
260 3950 376 4004 dominis
385 3948 531 4001 acoennvel
543 3946 639 4000 balneo
683 3946 796 3998 Munnr.
812 3974 853 3986 —
866 3947 946 4001 Cous.
957 3947 1057 4000 Tibull.
1072 3949 1103 4011 1,
1120 3967 1152 4013 a,
1169 3967 1198 4019 7,

129 4031 301 4087 redeuntibus
310 4030 393 4082 lacem
407 4027 542 4096 preferre.
551 4025 638 4078 Simili
684 4024 780 4079 Catull.
791 4026 881 4081 Carm.
890 4027 1199 4098 nxvrrmlloquenteedo-

128 4111 258 4170 cententia
268 4109 383 4164 Martiul.
401 4108 480 4172 XIV,
496 4110 533 4172 64
546 4126 552 4156 :
564 4128 575 4151 ι
587 4108 640 4158 De·
685 4105 766 4159 minu
778 4105 975 4176 januam.1nde
985 4108 1177 4177 Lucretium
1189 4147 1198 4173 ,
