2670 4792
129 387 177 461 30
471 388 853 486 crsrnunamn,

127 582 962 610 fflmfflfflmm
966 588 1201 614 *W

339 770 592 881 ACTUS
636 774 992 884 TERTIUS.

465 992 860 1029 -ήΟΦ--ι-

419 1151 597 1245 SCEN
604 1153 645 1241 A
675 1153 909 1245 PRIMA.

213 1364 439 1483 uanum,
462 1361 1116 1450 AncnsmnncnuS,snnu1uu.

130 1618 216 1669 ure.
238 1544 348 1664 Rau
361 1588 492 1662 elocuta
515 1615 589 1661 sum
608 1590 670 1661 tibi
692 1615 826 1662 omnem
845 1619 853 1663 ε
873 1618 1010 1689 sequere
1028 1618 1099 1684 me,
1128 1619 1203 1666 mea

278 1700 464 1787 Silenium‚

129 1815 178 1885 Ut
184 1837 326 1899 eorum,
341 1811 478 1906 quojam
492 1834 562 1881 esse
572 1824 705 1908 oportet
718 1826 767 1895 tc,
781 1813 825 1882 sis
840 1815 1066 1912 potiusquam
1080 1839 1167 1887 mea.

129 1925 345 2016 Quamquam
355 1921 459 1990 invita
470 1935 502 1990 te
512 1922 652 2009 carebo,
664 1923 815 1993 animum
825 1949 887 2021 ego
902 1924 1059 1996 inducam
1073 1940 1202 2015 tamen,

129 2036 179 2106 Ut
196 2031 279 2103 illud
295 2032 387 2127 quod
400 2048 493 2102 tuam
508 2033 544 2103 in
561 2058 631 2102 rem
647 2031 734 2105 bene
751 2035 934 2121 conducat,
952 2034 1138 2107 consulam.

128 2148 215 2219 Nam
227 2144 302 2216 heic
317 2144 499 2239 crepundia
514 2144 648 2233 insunt,
662 2145 862 2241 quibuscum
875 2161 908 2217 te
922 2144 977 2217 illa
993 2145 1074 2218 olim
1089 2146 1202 2219 adme

277 2253 416 2343 detulit,
970 2292 973 2297 ·
1190 2281 1202 2320 s

130 2369 215 2458 Quae
233 2366 315 2436 mihi
330 2365 442 2453 dedit,
465 2366 631 2461 parenteia
643 2380 677 2435 te
692 2380 729 2435 ut
746 2380 973 2462 congnoscant
990 2338 1128 2437 facilius.

132 2476 259 2571 Adcipe
281 2475 370 2544 hanc
394 2472 573 2562 cistellam,
604 2473 758 2563 Halisca,
780 2490 896 2571 atque,
919 2475 1085 2572 agedum,
1108 2474 1204 2572 pulta

280 2583 352 2654 illas
370 2584 480 2656 foreis.

129 2696 197 2768 Dic
214 2722 269 2766 me
289 2721 405 2784 orare,
418 2711 455 2766 ut
472 2694 594 2792 aliquis
615 2696 706 2766 intus
724 2694 865 2792 prodeat
884 2721 1028 2792 propere
1042 2699 1147 2768 ocius.

136 2832 250 2881 aucas.
272 2808 398 2903 Recipe
422 2833 477 2878 me
497 2807 539 2879 ad
557 2822 609 2894 te,
627 2809 743 2895 Mors,
765 2807 909 2879 amicum
934 2823 968 2879 et
992 2807 1203 2880 benevolum.

278 2943 340 2990 sm.
356 2933 663 2991 (nrfflwfflvaiwhwt
676 2906 788 2988 Mater
807 2943 901 3004 mea,

130 3036 282 3107 Petimus
297 3029 438 3103 miserae!
453 3055 570 3104 ancus.
581 3033 706 3102 Utrum
718 3031 781 3103 hac
794 3057 848 3102 me
860 3032 976 3103 feriam
986 3087 996 3121 ,
1008 3057 1052 3102 an
1065 3032 1108 3101 ab
1121 3030 1203 3103 laeva

280 3144 391 3215 latus?

169 3319 192 3373 ⁵.
215 3321 364 3386 Crepundia.
390 3321 544 3385 crepitaculo
567 3329 646 3371 vocat
725 3318 754 3371 8.
772 3322 842 3369 Intus
855 3320 972 3386 prodeat.
988 3315 1030 3370 cf.
1047 3316 1144 3389 Amph.
1163 3316 1204 3384 ΙΙ,

135 3399 238 3451 Lucret.
258 3397 382 3451 solebant
394 3410 482 3451 autem
495 3397 604 3450 Vetere·
616 3396 646 3448 li·
691 3415 724 3461 a,
740 3396 801 3450 138.
815 3395 849 3449 N.

134 3478 212 3532 beroe
229 3477 338 3531 amium
350 3496 434 3549 quum
446 3476 548 3531 exalile
562 3477 644 3541 notia,
725 3494 751 3546 9.
772 3479 860 3545 Recipe
876 3495 923 3528 me.
943 3474 986 3531 sic
998 3473 1067 3527 liber
1086 3474 1206 3544 optimu·

133 3570 189 3611 tum
199 3558 277 3610 etiam
285 3575 317 3610 ex
326 3556 479 3631 crepundiie
488 3573 644 3629 agnoscere:
690 3568 716 3608 et
723 3555 940 3628 antiquissimae,
950 3576 964 3608 a
974 3572 1030 3628 quo
1039 3554 1124 3627 legem
1136 3552 1206 3608 mihi

135 3636 208 3712 qnod
220 3636 314 3691 comici
323 3650 350 3690 et
360 3636 452 3709 tragici
466 3636 646 3709 poetweri·
691 3633 745 3688 dixi
765 3653 821 3687 non
843 3634 984 3700 recedere,
1002 3634 1108 3706 qnotiee
1127 3635 1207 3705 aequi

133 3717 193 3772 tatia
218 3717 363 3771 imitatorea
386 3717 414 3769 in
438 3715 535 3770 sabulis
553 3715 646 3769 adum·
690 3732 808 3786 poenum.
828 3714 880 3767 alii
893 3718 1001 3782 Accipe:
1016 3713 1109 3785 inquo
1120 3714 1206 3766 verbo

134 3798 213 3851 brare
231 3797 328 3853 colent.
340 3796 382 3849 Ex
395 3814 449 3869 quo
466 3795 533 3849 illud
546 3795 603 3850 Cic.
617 3794 646 3848 iu
689 3794 738 3868 qui
760 3793 873 3859 ludunt,
894 3807 1020 3866 tanquam
1039 3792 1163 3865 hospitiis
1178 3806 1205 3846 et

133 3878 230 3930 Bruto:
246 3902 257 3924 ι
271 3876 350 3930 Nunc
363 3876 491 3949 qnoniam
504 3886 589 3927 totum
603 3893 646 3928 me
689 3873 888 3928 invitationibua
902 3875 1018 3946 aptiore,
1032 3873 1095 3925 eatis
1107 3873 1206 3927 conlu-

135 3976 189 4009 non
203 3974 278 4010 narro
290 3956 396 4029 aliquo,
417 3968 462 4009 aut
478 3953 644 4023 crepundiis,
689 3965 780 4007 tantur
792 3954 826 4007 eb
837 3954 894 4026 ipen
909 3953 1016 4015 Plauto.
1030 3950 1127 4006 Peend.
1143 3951 1205 4016 111,

133 4035 179 4088 red
193 4052 305 4107 corpore
314 4034 386 4087 omni
400 4033 499 4087 viderie
512 4032 581 4102 velle
599 4050 645 4086 oo·
691 4033 841 4088 wotene
855 4032 928 4086 huuc
941 4032 1059 4104 recipere
1073 4028 1108 4083 ad
1117 4048 1206 4083 aeno·

132 4127 346 4187 promercale.-
360 4115 452 4169 Lm.
691 4111 740 4165 luit
751 4137 773 4167 ι.
795 4111 920 4167 Gronov.
933 4110 1088 4181 -a1iquid
1102 4110 1204 4175 simila,
