2670 4792
425 412 591 482 actus
616 416 651 497 1,
680 411 844 483 senna
872 411 899 476 1.

131 542 220 607 Anus
238 536 313 605 heic
330 533 412 604 solet
433 535 582 603 cubitare
603 549 732 621 custos,
745 533 904 629 janitrix3

130 650 259 716 Nomen
278 648 308 715 ei
325 661 374 714 est
396 643 477 714 lenae
498 644 675 714 multibiba
696 660 797 738 atquc
813 642 992 711 merobiba.

130 781 244 826 rania.
269 757 372 844 Quasi
390 770 426 824 tu
446 754 599 851 lagenam
619 755 728 840 dicas,
747 755 803 824 ubi
825 755 938 823 vinum
959 749 1041 820 solet

131 865 252 934 Chium
272 890 351 934 csse.
373 889 511 935 ennon.
532 865 625 953 Quid
644 864 752 960 opu'st
765 860 1194 941 verbislvinosissuma'st,

130 976 241 1069 anue
258 974 426 1068 extemplo
445 975 502 1043 ubi
528 976 606 1043 vino
628 976 688 1043 bas
709 974 878 1068 conspersi
899 973 1016 1059 foreis,
1171 994 1197 1030 σο

131 1088 178 1154 De
194 1085 299 1153 odore
317 1085 429 1153 adesse
446 1109 500 1153 me
518 1086 597 1172 scit,
619 1087 726 1181 aperit
744 1083 857 1154 inlico.
1121 1090 1127 1099 '

132 1218 243 1265 eccm.
258 1198 341 1264 Eine
354 1195 409 1264 hic
422 1221 497 1265 cum
516 1196 594 1264 vino
607 1197 699 1265 sinus
714 1195 841 1264 fertur?
855 1217 993 1264 ennon.
1005 1191 1078 1262 Nisi
1091 1193 1194 1261 nevis.

134 1329 247 1375 nauta.
262 1306 367 1391 Nolo,
383 1305 509 1376 hercle:
525 1333 601 1376 nam
613 1307 723 1376 istunc
736 1306 866 1399 quilert
876 1359 886 1391 ‚
897 1304 1070 1373 adflictum
1080 1300 1198 1389 velim;

133 1416 200 1509 Ego
220 1414 317 1483 nobis
335 1414 457 1483 adferri
475 1418 599 1485 censui.
617 1440 754 1487 ennon.
775 1416 870 1504 Quin
889 1430 925 1484 tu
944 1412 1054 1483 taces?

133 1526 163 1593 Si
181 1524 264 1619 quid
282 1549 383 1619 super
400 1526 448 1595 illi
467 1526 588 1612 fuerit,
610 1527 644 1594 id
661 1527 758 1595 nobis
780 1540 830 1594 sat
850 1538 910 1594 est.
1173 1543 1197 1579 ⁸⁵

137 1658 253 1705 namn.
273 1636 436 1723 Quisnam
453 1637 526 1708 istic
542 1635 706 1723 fluviu’st‚
728 1661 829 1731 quem
845 1660 913 1705 non
936 1634 1074 1730 recipiat
1087 1638 1200 1706 mare?

135 1769 180 1814 en
208 1771 270 1816 nn.
289 1751 433 1841 Sequere
448 1749 531 1835 bac,
555 1747 728 1836 Palinure,
753 1772 805 1816 me
824 1745 867 1815 ad
885 1745 1009 1814 loreis:
1030 1744 1053 1813 li
1073 1744 1121 1813 ml
1138 1746 1200 1816 ob·

275 1882 427 1950 sequens.

134 1987 246 2033 rabin.
264 1970 313 2034 lta
326 1965 456 2038 faciam.
470 1993 608 2039 runnu.
627 1969 744 2063 Agite,
761 1967 883 2053 bibite,
901 1966 1023 2035 festivae
1040 1964 1158 2053 foreis3

134 2075 263 2162 Putate,
284 2075 341 2144 lite
362 2079 444 2146 mihi
465 2079 622 2147 volenteis
642 2078 804 2173 propitiae.

133 2207 245 2255 estin.
264 2186 417 2255 Voltisne
434 2189 555 2274 olivas,
571 2204 629 2257 aut
642 2188 872 2284 pulmentum,
892 2202 950 2254 aut
966 2186 1140 2279 capparim
1151 2184 1201 2255 to

133 2318 267 2365 ennon.
288 2300 495 2367 Exsuscitate
512 2316 657 2368 vostram
673 2300 740 2367 buc
758 2296 930 2367 custodem
951 2295 1046 2362 mihi.

133 2430 250 2477 rabin.
267 2405 446 2477 Profundis
459 2410 574 2477 vinum
585 2409 592 2479 l
603 2434 677 2504 quae
687 2424 779 2477 teres
793 2407 1094 2502 agitantirnnun.
1109 2406 1198 2475 Sine.

130 2625 213 2687 leole,
223 2625 324 2696 inquit,
336 2646 395 2681 vasa
403 2629 508 2681 sinuosa
517 2630 640 2683 ..Line
727 2633 772 2684 82.
783 2630 841 2682 Nisa·
850 2632 923 2693 nevis,
934 2628 1047 2681 formula
1063 2644 1118 2697 qur
1131 2625 1198 2700 quid

171 2722 217 2774 79.
228 2706 586 2762 circamundanum
596 2729 643 2761 me·
686 2708 799 2763 faciendi
819 2710 924 2762 reniam
943 2725 1030 2778 roges.
1050 2706 1166 2771 Gallice,
1179 2711 1201 2760 ri

131 2784 224 2836 rubida.
236 2787 329 2839 Latro.
338 2815 372 2826 —
385 2788 505 2841 Jocueex
515 2788 642 2859 eo‚quod
686 2809 747 2841 vous
760 2790 847 2840 uoulez
859 2788 913 2840 bien
927 2788 1098 2857 lepermettre.
1119 2786 1199 2841 Nunc

130 2883 213 2935 quum
230 2866 292 2917 rino
307 2884 393 2936 graeco
412 2869 467 2920 lere
481 2887 549 2939 aqua
563 2869 642 2921 maris
686 2869 781 2921 ironia.
796 2869 829 2920 N.

131 2942 248 2996 admixta
262 2958 341 3009 esset,
353 2946 421 2998 Chio
431 2959 518 2999 umen
528 2968 582 3000 non
595 2947 642 3002 ad·
727 2947 1026 3017 89.Volenteirpropitioe.
1032 2947 1091 2999 Hoc
1097 2943 1202 3015 dictum

131 3022 257 3088 debatur,
270 3023 316 3077 red
330 3044 465 3079 meracum
474 3039 538 3079 erat.
550 3028 641 3080 Horat.
686 3048 718 3081 ox
741 3029 869 3097 religione
893 3025 995 3098 prisca,
1017 3038 1043 3077 et
1063 3024 1201 3076 communi

132 3104 171 3168 tl,
193 3104 247 3156 Set.
269 3104 306 3155 8:
323 3106 427 3157 «Alcon
444 3104 542 3159 Chium
564 3109 643 3160 maris
686 3107 891 3161 sacrificantium
926 3102 1039 3157 formula
1077 3104 1200 3172 petitum.

132 3200 259 3253 expers».
270 3185 365 3236 Tune.
687 3186 817 3257 Exemplo
837 3184 938 3239 luerint
955 3195 1086 3256 concepta
1108 3182 1152 3235 illa
1176 3195 1202 3236 et

172 3263 221 3315 83.
234 3264 318 3315 Istunc
328 3266 438 3335 quiscat.
447 3266 528 3318 Recte
539 3266 644 3318 Lambi-
687 3266 814 3320 solemnia
838 3265 1020 3337 precationum
1036 3264 1116 3315 verba
1131 3261 1204 3333 apud

132 3360 199 3394 nur:
209 3360 342 3412 puerum,
358 3345 405 3414 qui
423 3345 476 3397 fert
487 3346 574 3397 sinum
587 3346 643 3397 vini
689 3347 816 3399 Catonem
829 3363 835 3396 ε
850 3372 860 3392 ι
874 3345 947 3397 Mars
957 3357 1049 3415 pater,
1062 3356 1089 3396 te
1106 3362 1202 3411 precor

132 3421 260 3490 plenum,
274 3423 412 3476 adflictum
429 3423 464 3476 ad
485 3436 582 3477 terram
598 3445 642 3478 ve·
689 3424 893 3497 quaesoque‚uti
907 3425 958 3477 cies
968 3424 1059 3475 rolens
1070 3423 1202 3494 propitius

132 3500 197 3563 lim,
219 3515 249 3555 ut
264 3505 320 3574 ejus
334 3522 394 3555 cusu
409 3523 488 3556 omne
502 3505 593 3556 vinum
608 3505 644 3558 el·
689 3506 772 3568 mibi,
785 3503 1056 3574 flammantibusque
1070 3516 1166 3556 nostru
1177 3526 1201 3552 ι.

132 3580 304 3647 funderetur,
316 3601 346 3635 ac
356 3583 454 3652 periret
463 3585 553 3654 potius
563 3603 643 3655 quarn
689 3588 796 3637 Docta·

133 3659 166 3712 ad
178 3680 259 3713 anum
274 3663 447 3732 perferretur.
460 3663 553 3717 Gauri.
729 3664 886 3732 90.Voltisne
895 3665 979 3716 olioas.
989 3664 1098 3716 Urbane
1108 3661 1201 3712 berum

175 3742 222 3792 86.
232 3742 290 3792 Istic
288 3745 390 3811 fluvius.
398 3740 468 3796 Cum
478 3744 543 3795 mari
555 3762 643 3808 unum,
688 3743 765 3797 ridet.
781 3745 867 3797 olivas
880 3756 906 3795 et
916 3746 1038 3814 capparim
1048 3740 1124 3797 dicit,
1140 3758 1202 3811 qun

133 3836 195 3870 curn
211 3819 294 3873 fluvio
307 3823 400 3873 vinum
413 3836 559 3892 comparat.
574 3822 645 3875 Vide
688 3823 859 3877 condimenta
872 3824 900 3875 in
907 3823 1023 3893 crapulis
1035 3832 1061 3872 et
1071 3819 1204 3872 ebrietati-

85 3966 89 3975 ·
135 3897 236 3950 Lucau.
247 3900 281 3959 V,
296 3900 362 3954 355.
375 3901 465 3954 Lutto.
689 3904 739 3956 bus
758 3902 1012 3955 convenientissima.
1039 3900 1080 3951 De
1105 3906 1206 3971 cappari

177 3977 223 4030 08.
238 3980 328 4048 Agite,
341 3981 430 4044 titire,
445 3994 495 4035 etc.
509 3981 581 4035 Vide
594 3983 645 4034 bu·
693 3984 798 4054 plenius
810 3983 898 4035 Dione.
908 3983 956 4034 lib.
964 3982 1000 4042 11,
1011 4002 1033 4034 c.
1044 3981 1204 4043 rollone.

135 4055 250 4126 jusmodi
271 4061 489 4130 compellationes
506 4063 646 4131 januarum
733 4082 779 4130 9²·
796 4063 859 4130 (lua
873 4075 896 4112 re
909 4080 946 4114 m
956 4065 1021 4131 agit.
1030 4061 1096 4125 Qun
1105 4073 1144 4114 eet
1156 4061 1205 4115 icta

135 4133 361 4206 apudamatorior
371 4153 472 4211 poetar.
694 4143 817 4195 insania?
833 4142 866 4195 N.
