2670 4792
138 399 184 471 36
486 391 861 478 CISTELLARIA,

135 546 217 593 aar..
242 513 370 590 Malum
393 515 504 600 aufer,
535 516 661 584 bonum
692 514 773 583 mihi
801 540 886 609 opus
911 531 987 586 est:
1015 534 1208 613 postremo,

283 625 338 695 ille
1178 655 1205 700 o

133 741 232 825 Plus,
253 739 310 834 qui
331 751 443 824 vocat,
467 738 529 806 scit
550 736 641 831 quod
660 734 759 824 velit,
779 762 880 832 quam
902 763 965 833 ego
983 765 1058 834 quae
1083 767 1206 833 vocor3

279 862 437 917 revortor.

131 967 280 1056 Ecquem
298 959 407 1029 vidisti
423 984 570 1054 quaerere
587 958 679 1046 heic,
696 959 834 1046 amabo,
854 960 889 1029 in
909 960 972 1030 bac
994 963 1132 1057 regione

133 1070 302 1145 Cistellam
323 1095 399 1139 cum
414 1069 625 1164 crepundiis,
645 1095 746 1164 quam
762 1094 824 1163 ego
842 1071 917 1140 heic
934 1072 1030 1142 amisi
1048 1074 1194 1146 misera?

131 1188 217 1257 Nam
233 1180 361 1252 dudum
380 1196 419 1250 ut
437 1181 648 1250 adcurrimus
667 1180 709 1250 ad
722 1179 1023 1271 Alcesimarchum,
1044 1209 1088 1254 ne
1109 1209 1205 1257 suam

277 1293 379 1360 vitam

130 1404 361 1490 interimeret,
379 1417 451 1472 tum
473 1403 556 1472 milri
577 1417 660 1496 puto
678 1427 746 1496 prae
764 1403 885 1472 timore
899 1404 975 1474 heio
994 1405 1156 1476 excidisse
1179 1425 1205 1472 ts

127 1512 309 1589 Cistellam.
331 1537 437 1583 usur.
460 1517 557 1598 Haec,
579 1510 711 1596 mulier,
729 1527 842 1583 nostra
864 1528 924 1583 est.
954 1514 1048 1602 Quin
1066 1541 1205 1610 operam

277 1624 413 1706 damus,
431 1624 528 1708 hera,
548 1647 738 1716 parumper.

132 1760 218 1808 usn.
232 1734 380 1828 Disperii
396 1731 533 1803 misera!
549 1732 630 1826 quid
645 1758 708 1827 ego
721 1758 802 1802 meae
814 1733 902 1804 herae
920 1734 1135 1830 dicamlquae
1149 1761 1207 1806 me

276 1871 377 1940 opere
396 1859 491 1914 tanto

59 1938 63 1951 ’
129 1962 268 2028 Servare
282 1957 397 2050 jussit,
414 1954 473 2050 qui
496 1981 573 2025 suos
594 1953 759 2025 Silenium
778 1958 945 2049 parenteis

129 2067 272 2140 Facilius
280 2083 389 2162 posset
400 2091 653 2163 gnoscere‚quae
662 2068 750 2136 herae
763 2091 845 2135 meae
858 2068 1027 2161 subposita
1037 2067 1078 2137 'st
1084 2092 1206 2161 parva:

128 2185 240 2272 Quam
253 2178 404 2274 quaedam
422 2180 577 2248 meretrix
594 2179 624 2247 ei
642 2177 743 2248 dedit.
756 2202 863 2248 naue.
877 2182 1034 2250 Nostram
1048 2179 1119 2249 baec
1132 2205 1205 2248 rem

278 2287 458 2358 fabulatur.
1179 2309 1207 2349 s..

126 2398 225 2470 vHanc
245 2399 330 2468 scire
348 2413 482 2492 oportet
501 2396 570 2466 filia
586 2413 643 2467 tua
664 2399 720 2468 ubi
740 2399 800 2484 sit,
819 2399 914 2495 signa
935 2416 971 2469 ut
991 2399 1084 2470 dicit.

130 2536 214 2581 usn.
239 2515 340 2582 Nunc
350 2534 423 2578 eam
437 2508 508 2578 volt
518 2534 584 2579 suae
596 2512 695 2579 matri
713 2525 747 2579 et
760 2511 863 2604 patri,
878 2511 1000 2605 quibus
1017 2526 1118 2606 gnata
1131 2528 1204 2601 est,

277 2617 413 2687 reddere
432 2618 533 2688 ultro.

130 2733 182 2803 Mi
190 2730 308 2818 homo,
318 2729 559 2816 obsecro‚alias
573 2756 625 2800 res
633 2733 809 2826 geris‚ego
824 2733 885 2801 tibi
899 2757 990 2802 meas
1002 2758 1053 2802 res
1066 2734 1204 2806 mando.

130 2951 206 2984 mm.
217 2934 302 2984 Lusus
315 2930 343 2982 in
352 2947 475 2982 sermone
484 2928 587 2981 comico
596 2929 644 2981 tri·
688 2929 741 2983 hoc
749 2929 828 2983 Ennii
836 2931 895 2982 loeo
903 2929 1085 2983 dominantem
1095 2948 1204 2985 sensum

131 3011 264 3074 tissimus,
289 3021 316 3064 at
336 3029 432 3082 parum
458 3019 484 3061 et
505 3008 544 3060 rei
570 3009 644 3061 serias
690 3028 741 3062 vox
751 3029 805 3062 non
815 3009 908 3063 amisit.
919 3008 1138 3063 Etinhacscena
1147 3031 1204 3066 non

131 3103 157 3144 et
172 3110 291 3163 personae
305 3091 339 3143 de
353 3109 380 3143 se
395 3089 514 3162 loquenti
528 3107 646 3142 eommo-
690 3091 772 3162 possit
784 3110 817 3144 ex
829 3090 963 3162 prioribus
973 3090 1025 3142 alio
1035 3089 1139 3144 diverti.
1150 3094 1185 3148 Ν.

130 3170 191 3225 dus.
206 3169 240 3225 N.
727 3179 768 3235 44.
785 3175 882 3222 Dudum
895 3186 934 3234 nt,
950 3189 1033 3241 qnam
1047 3190 1142 3243 nuper.
1150 3174 1185 3227 N.

167 3260 210 3317 4ο.
221 3257 362 3315 Postremo,
372 3264 423 3305 etc.
434 3250 564 3322 Pergebat
575 3250 647 3304 abire
727 3253 770 3315 46.
789 3256 853 3318 Quia
864 3271 978 3318 operam,
987 3264 1040 3304 ete.
1054 3251 1205 3307 Audiamus

130 3350 209 3385 omen
226 3331 324 3382 malum
338 3329 500 3396 refutand03
513 3330 646 3383 locutione
689 3350 835 3404 parumper
848 3331 931 3385 illam.
946 3330 1025 3384 cont.
1043 3349 1103 3403 sup.
1120 3332 1151 3396 Ι,
1165 3333 1201 3396 3,

131 3410 311 3479 auserusitata
321 3429 423 3482 ,quum
435 3409 645 3482 quisaliquidse
691 3414 716 3463 6.
731 3411 763 3463 Ν.

132 3491 206 3543 nolle
219 3490 356 3561 significat
370 3491 451 3543 Conf.
464 3490 550 3542 Aulul.
560 3491 598 3542 lV
602 3496 645 3553 ,4
726 3492 769 3552 48.
788 3488 853 3555 Qut,
874 3508 908 3542 ex
924 3507 986 3561 qua.
1008 3490 1089 3544 Cons.
1102 3492 1202 3545 Bacch.

136 3588 178 3623 rr·
171 3568 302 3641 ,Capt.‚V
318 3589 350 3630 a,
366 3568 647 3632 11;sedsubir0venit
690 3568 902 3633 11,3,101.1t

135 3650 162 3701 in
184 3659 300 3700 mentem
313 3666 373 3711 eos,
387 3648 433 3718 qui
448 3660 561 3711 vocarit,
580 3647 646 3700 scire
727 3649 769 3703 51.
783 3654 891 3715 Oportet.
903 3648 981 3700 cont.
992 3648 1051 3702 Cas.
1063 3650 1104 3716 ΙΙ,
1115 3652 1148 3714 6,
1158 3659 1202 3717 4ο.

133 3745 223 3798 puisse,
235 3726 307 3799 quod
320 3727 376 3797 ipsa
390 3727 477 3798 cupiat
490 3725 596 3791 audire;
607 3745 646 3779 er·
690 3760 726 3770 —
738 3734 770 3779 tlt
782 3732 853 3796 signa
864 3731 935 3780 dicit.
946 3729 1085 3800 Conjicere
1093 3730 1158 3784 licet
1169 3751 1203 3785 ex

131 3824 166 3876 go
178 3807 330 3861 revertitur.
347 3807 380 3858 Ν.
692 3807 722 3861 iis
735 3827 795 3879 quae
809 3822 900 3861 narrat
913 3808 951 3860 rei
962 3821 1128 3879 argumenta.
1141 3810 1175 3866 N.

170 3892 210 3949 41.
228 3893 350 3954 Qaoerere.
367 3888 457 3938 Douzu
474 3887 531 3938 vult
542 3887 646 3939 subesse
728 3887 770 3942 53.
786 3893 823 3938 Mt
835 3892 921 3951 homo,
935 3891 999 3939 alias
1011 3908 1048 3940 res
1058 3892 1132 3956 geris.
1143 3890 1203 3943 Nou

135 3963 196 4017 huic
219 3966 301 4017 verbo
322 3965 457 4018 notionem
473 3965 646 4036 acquirendi,
692 3984 735 4018 me
745 3965 829 4019 audis.
840 3967 945 4019 Scilicet
956 3964 1019 4018 dum
1031 3967 1134 4021 Halisca
1146 3968 1203 4021 baec

134 4042 185 4095 hoc
209 4044 333 4114 exemplo
352 4045 432 4097 Ennii
454 4062 461 4094 :
484 4045 648 4116 u'nautisque
693 4045 871 4109 edissereret,
897 4045 1042 4117 Lampadio
1058 4065 1119 4099 cum
1137 4045 1204 4100 hera

131 4128 197 4174 mari
216 4123 389 4193 querentibu'
414 4123 527 4178 vitam».
547 4123 600 4178 Sed
623 4138 649 4178 et
693 4128 818 4198 pergebat
832 4126 1007 4181 confabulari.
1025 4125 1059 4177 N.
