2670 4792
139 392 184 473 24
482 384 855 475 ctstssnntltln,

131 512 271 600 Faxint,
288 536 330 580 ne
347 535 408 606 ego
421 509 499 581 dem
518 512 611 582 vivos
629 512 758 583 savium
776 510 920 595 Silenio,

125 622 201 694 -Nisi
210 646 274 717 ego
284 636 383 717 teque
393 636 551 716 tuamque
565 621 816 719 filinm‚meqrre
825 619 927 691 hodie
936 618 1200 710 obtruncavero3

129 735 249 803 Postea
267 748 378 803 autern
395 757 472 804 eum
491 733 600 829 primo
614 731 681 803 luci
701 758 773 804 cras
795 734 858 803 nisi
878 724 978 801 ambo
997 731 1178 820 obeider03

130 844 177 913 Et
189 841 362 938 equidem,
376 840 504 931 hercle,
520 844 582 914 nisi
600 843 724 940 pedatu
738 844 839 913 tertio
852 843 982 912 omneis
991 842 1159 930 ecflixero‚
1175 863 1202 904 to

130 951 204 1025 Nisi
221 967 259 1022 tu
277 949 368 1022 illam
387 953 529 1022 remittis
545 953 589 1024 ad
609 979 663 1024 me
679 981 686 1024 :
703 954 771 1023 dixi
786 978 860 1048 quae
880 952 970 1024 volui
988 978 998 1024 t
1016 952 1103 1023 vale.
1123 968 1189 1023 <⁸⁵¹2-

129 1091 212 1139 nrm.
227 1067 321 1138 Abiit
334 1069 424 1138 intro
441 1070 545 1139 iratus
563 1098 570 1140 :
588 1069 672 1165 quid
687 1096 749 1166 ego
767 1095 858 1140 nunc
870 1093 968 1165 agam
981 1066 997 1139 i
1008 1069 1035 1139 ri
1053 1067 1191 1138 redierit

128 1174 190 1248 ltta
207 1176 251 1247 ad
270 1178 381 1264 hune,
402 1178 528 1248 ibidem
544 1179 608 1250 loci
625 1205 678 1249 res
693 1180 779 1250 erit:
798 1179 855 1249 ubi
875 1179 990 1251 odium
1005 1177 1200 1275 obeoeperit

129 1286 227 1361 Illam
243 1290 413 1378 extrudet,
432 1316 535 1385 quom
560 1292 647 1361 hane
666 1314 804 1361 uxorem
826 1290 1000 1360 [emniam
1020 1288 1121 1358 ducet
1138 1287 1202 1357 do·

277 1425 382 1470 mum.

129 1511 196 1583 Sed
214 1525 326 1581 tamen
343 1510 399 1580 ibo
417 1526 450 1580 et
466 1535 666 1607 persequar:
682 1537 797 1583 amens
811 1536 853 1581 ne
869 1510 951 1607 quid
967 1510 1069 1581 faeiat
1080 1563 1090 1599 ,
1102 1523 1202 1579 cauto

277 1620 397 1717 opu'st.
1176 1635 1203 1675 ⁵⁵

128 1734 318 1816 Postremo,
336 1730 472 1826 quando
490 1757 585 1826 aequa
605 1730 677 1826 lege
694 1733 836 1827 pauperi
853 1757 931 1803 cum
951 1732 1056 1801 divite

128 1844 206 1914 Non
225 1841 320 1930 licet,
343 1843 479 1936 perdam
501 1868 638 1938 operam
654 1843 783 1938 potius,
802 1866 903 1937 quam
920 1841 1040 1913 carebo
1060 1838 1139 1910 fitia.

131 1951 197 2023 Sed
212 1954 286 2048 quis
304 1953 360 2023 hic
380 1968 446 2038 est,
465 1955 524 2049 qui
546 1970 636 2023 recta
657 1952 767 2049 platea
783 1978 919 2024 cursum
941 1952 1008 2022 hue
1029 1950 1204 2021 contendit

208 2122 211 2127 .
278 2065 402 2134 suum?

128 2175 173 2243 Et
193 2170 276 2245 illud
295 2198 418 2268 paveo,
436 2188 471 2243 et
490 2173 556 2244 hoc
574 2173 746 2244 formido:
769 2175 815 2244 ita
837 2189 907 2243 tota
930 2198 1005 2242 sum
1025 2173 1147 2242 misera
1167 2173 1204 2241 in

277 2299 381 2353 metu.

129 2474 161 2515 ut
176 2460 320 2516 olmeuhe
336 2473 409 2516 terra
420 2472 518 2515 nrteet
539 2461 641 2516 similia.
685 2464 763 2518 tertio
780 2462 876 2536 pedatu
894 2464 973 2517 nobir
990 2463 1089 2517 bellum
1102 2462 1203 2525 ferere,

133 2543 222 2595 Lm.
688 2554 737 2598 ete.
752 2568 764 2590 ι
783 2544 806 2595 Α
824 2543 907 2597 veteri
926 2543 1020 2597 critico
1036 2542 1202 2614 explicatur:

88 2666 92 2675 .
166 2628 210 2691 47.
225 2624 324 2688 Noega
340 2622 403 2672 dem.
424 2619 499 2673 Alius
517 2619 641 2674 dixisset:
688 2625 755 2694 τρίτη
772 2620 893 2694 περίοδος.
908 2621 1201 2678 Tuam-Pindon.

131 2698 174 2752 Dii
186 2716 229 2752 me
239 2699 330 2766 faxint,
343 2712 373 2753 ut
383 2700 586 2772 malepererm‚
602 2702 643 2755 vel
689 2704 764 2775 τρίτῳ,
778 2702 877 2772 βήματι
891 2703 926 2755 Ν.

129 2779 183 2835 tale
196 2777 276 2851 quid:
289 2779 341 2833 niri
356 2798 405 2851 ego
419 2791 460 2844 te,
475 2794 524 2834 etc.
542 2782 645 2834 Verum
726 2782 769 2836 53.
782 2784 874 2834 Ibidem
887 2785 950 2845 Iorr',
964 2780 1058 2835 eodem
1068 2782 1143 2847 loco,
1156 2794 1205 2836 rtr-

128 2859 231 2916 nmanti
241 2878 316 2933 nque
323 2859 414 2913 dirum
421 2873 447 2913 et
458 2861 587 2915 horribile
597 2874 644 2921 ert,
690 2873 729 2914 tu.
742 2861 785 2915 sic
805 2862 881 2934 Virg.
894 2862 954 2915 AEn.
970 2862 1013 2930 11,
1036 2864 1085 2917 322
1100 2881 1106 2914 :
1118 2889 1129 2910 ι
1141 2864 1204 2930 Quo

128 2940 646 3013 nonmeulnrirmierm‚rtqueoliiuno
690 2959 844 2995 ressummr
854 2942 923 3007 loco,
932 2942 1086 2996 Pentheni»
1098 2946 1203 3009 Odium,

129 3021 247 3076 interire.
259 3021 292 3074 Et
305 3038 359 3074 vox
369 3025 439 3073 vivus
448 3022 647 3075 detentationem
690 3020 806 3075 tedium.
817 3021 1014 3087 Quumtaedere
1023 3022 1099 3075 illum
1110 3021 1204 3075 Silenii

130 3101 192 3157 furit
205 3101 287 3174 magi·
300 3096 399 3155 diram.
414 3097 446 3154 In
459 3120 573 3164 summa,
587 3121 648 3155 ora·
692 3103 811 3172 eruperit.
825 3102 859 3155 tt.

128 3181 169 3235 tio
186 3181 311 3234 amatorio
324 3180 410 3234 insani
421 3182 574 3252 perturbata
593 3193 643 3235 ert.
725 3180 767 3235 56.
780 3186 864 3251 AEqrra
874 3186 939 3250 Iege.
950 3182 1040 3234 Aulai.
1050 3180 1093 3242 Π,
1106 3201 1136 3244 2,
1155 3179 1204 3234 50·

130 3262 218 3315 Lm.
239 3291 274 3301 -
298 3264 368 3312 roos
384 3273 424 3314 ert
443 3261 542 3315 locutio
563 3263 645 3316 abun·
689 3263 739 3325 tt,
752 3263 797 3315 81.
807 3267 907 3314 -Non
918 3264 983 3314 licet.
997 3261 1099 3334 supple
1113 3280 1204 3324 uerso,

132 3338 199 3395 dtnr
209 3358 243 3393 ex
254 3358 330 3392 more
342 3341 480 3394 sermonis.
491 3341 533 3395 Cf.
544 3340 643 3415 Amph.
688 3339 853 3395 contendere
868 3367 891 3394 n.
905 3341 937 3393 N.

132 3418 160 3485 1,
178 3438 207 3483 r,
224 3425 273 3481 πάι
287 3438 296 3485 3
311 3420 386 3473 Asin.
402 3420 434 3485 1,
451 3439 477 3482 ι,
498 3439 523 3491 7.
545 3421 642 3493 virgil.
727 3421 769 3492 57.
788 3425 861 3473 Perd.
871 3440 979 3489 operam.
992 3418 1031 3472 Ad
1044 3419 1205 3473 Alcesimar-

129 3498 222 3571 Eclog.
234 3499 276 3551 lx
283 3518 313 3565 ,n
323 3518 330 3553 ε
340 3526 353 3547 ι
363 3499 388 3553 0
399 3499 511 3574 Lycide,
521 3501 574 3555 viri
587 3520 647 3574 per·
691 3500 773 3555 chum
786 3500 920 3553 remittam
936 3498 1021 3571 potius
1033 3498 1115 3552 filiam
1130 3504 1205 3570 (quo

130 3578 282 3634 venimuro.
297 3578 331 3631 N.
692 3580 777 3642 facto,
791 3599 898 3652 operam
912 3578 1023 3651 perdam
1041 3595 1048 3629 τ
1063 3597 1123 3630 uam
1143 3597 1206 3631 eon·

168 3660 212 3714 50.
226 3663 322 3711 Pedana
338 3663 417 3713 tertio.
433 3659 464 3713 Id
474 3673 514 3714 ert
525 3699 532 3723 ,
545 3686 557 3708 ι
570 3679 647 3735 repe-
692 3659 770 3711 tinuo
789 3679 847 3713 erm
866 3656 987 3711 extrudet
1015 3659 1102 3724 forro)
1124 3677 1205 3729 quam

132 3736 337 3802 titn,necerru,
352 3739 424 3793 vice:
439 3740 514 3812 quasi
536 3759 585 3812 prr
599 3759 646 3813 pe·
691 3739 874 3803 committam,
896 3750 925 3790 ut
937 3737 1019 3791 titiam
1034 3756 1119 3790 menm
1136 3738 1207 3790 inte·

131 3814 193 3872 dem
199 3843 221 3870 ι.
231 3818 312 3892 Apud
321 3821 436 3874 Nonium
445 3821 530 3875 Cato:
544 3819 649 3892 ulgitur
691 3818 782 3880 rimrt,
795 3819 868 3873 etita
880 3835 986 3872 ceream
999 3815 1065 3870 fitia.
1079 3817 1173 3869 Lm.
