<?xml version="1.0" encoding="UTF-8"?>
<!DOCTYPE html PUBLIC "-//W3C//DTD XHTML 1.0 Transitional//EN"
    "http://www.w3.org/TR/xhtml1/DTD/xhtml1-transitional.dtd">
<html xmlns="http://www.w3.org/1999/xhtml" xml:lang="en" lang="en">
 <head>
  <title>
</title>
<meta http-equiv="Content-Type" content="text/html;charset=utf-8" />
  <meta name='ocr-system' content='tesseract 3.04.00' />
  <meta name='ocr-capabilities' content='ocr_page ocr_carea ocr_par ocr_line ocrx_word'/>
</head>
<body>
  <div class='ocr_page' id='page_1' title='image "bibliothecaclas73lemagoog_0069.png"; bbox 0 0 2670 4792; ppageno 0'>
   <div class='ocr_carea' id='block_1_1' title="bbox 136 378 815 463">
    <p class='ocr_par' dir='ltr' id='par_1_1' title="bbox 136 378 815 463">
     <span class='ocr_line' id='line_1_1' title="bbox 136 378 815 463; baseline -0.004 -13"><span class='ocrx_word' id='word_1_1' title='bbox 136 378 182 450; x_wconf 82' lang='lat'>56</span> <span class='ocrx_word' id='word_1_2' title='bbox 521 379 815 463; x_wconf 84' lang='lat' dir='ltr'>CUllCULIO,</span> 
     </span>
    </p>
   </div>
   <div class='ocr_carea' id='block_1_2' title="bbox 128 496 1240 2799">
    <p class='ocr_par' dir='ltr' id='par_1_2' title="bbox 133 496 1052 593">
     <span class='ocr_line' id='line_1_2' title="bbox 133 496 1052 593; baseline -0.003 -22"><span class='ocrx_word' id='word_1_3' title='bbox 133 499 233 571; x_wconf 85' lang='lat' dir='ltr'>Haud</span> <span class='ocrx_word' id='word_1_4' title='bbox 256 496 408 567; x_wconf 80' lang='lat' dir='ltr'>lubenter</span> <span class='ocrx_word' id='word_1_5' title='bbox 425 524 434 566; x_wconf 94' lang='lat'>:</span> <span class='ocrx_word' id='word_1_6' title='bbox 449 522 528 567; x_wconf 85' lang='lat' dir='ltr'>nom</span> <span class='ocrx_word' id='word_1_7' title='bbox 545 498 607 568; x_wconf 93' lang='lat' dir='ltr'>tibi</span> <span class='ocrx_word' id='word_1_8' title='bbox 627 500 788 569; x_wconf 88' lang='lat' dir='ltr'>amantois</span> <span class='ocrx_word' id='word_1_9' title='bbox 803 500 1052 593; x_wconf 84' lang='lat' dir='ltr'>propinanteis,</span> 
     </span>
    </p>

    <p class='ocr_par' dir='ltr' id='par_1_3' title="bbox 131 608 1044 704">
     <span class='ocr_line' id='line_1_3' title="bbox 131 608 1044 704; baseline 0 -25"><span class='ocrx_word' id='word_1_10' title='bbox 131 612 258 680; x_wconf 89' lang='lat' dir='ltr'>Vinum</span> <span class='ocrx_word' id='word_1_11' title='bbox 278 610 444 704; x_wconf 89' lang='lat' dir='ltr'>potanteis</span> <span class='ocrx_word' id='word_1_12' title='bbox 462 608 544 678; x_wconf 85' lang='lat' dir='ltr'>dant</span> <span class='ocrx_word' id='word_1_13' title='bbox 565 611 717 680; x_wconf 87' lang='lat' dir='ltr'>omneis:</span> <span class='ocrx_word' id='word_1_14' title='bbox 740 609 822 679; x_wconf 82' lang='lat' dir='ltr'>milri</span> <span class='ocrx_word' id='word_1_15' title='bbox 845 610 934 678; x_wconf 88' lang='lat' dir='ltr'>baud</span> <span class='ocrx_word' id='word_1_16' title='bbox 957 634 1044 704; x_wconf 77' lang='lat' dir='ltr'>saepe</span> 
     </span>
    </p>

    <p class='ocr_par' dir='ltr' id='par_1_4' title="bbox 128 718 1048 807">
     <span class='ocr_line' id='line_1_4' title="bbox 128 718 1048 807; baseline -0.003 -17"><span class='ocrx_word' id='word_1_17' title='bbox 128 721 295 790; x_wconf 87' lang='lat' dir='ltr'>Eveniunt</span> <span class='ocrx_word' id='word_1_18' title='bbox 311 718 405 790; x_wconf 87' lang='lat' dir='ltr'>taleis</span> <span class='ocrx_word' id='word_1_19' title='bbox 424 719 647 798; x_wconf 87' lang='lat' dir='ltr'>hereditateis.</span> <span class='ocrx_word' id='word_1_20' title='bbox 666 746 783 791; x_wconf 72' lang='lat' dir='ltr'>nonin.</span> <span class='ocrx_word' id='word_1_21' title='bbox 805 724 878 788; x_wconf 93' lang='lat' dir='ltr'>Hoc</span> <span class='ocrx_word' id='word_1_22' title='bbox 897 720 993 807; x_wconf 92' lang='lat' dir='ltr'>vide,</span> <span class='ocrx_word' id='word_1_23' title='bbox 1009 734 1048 789; x_wconf 93' lang='lat' dir='ltr'>ut</span> 
     </span>
    </p>

    <p class='ocr_par' dir='ltr' id='par_1_5' title="bbox 131 831 1203 925">
     <span class='ocr_line' id='line_1_5' title="bbox 131 831 1203 925; baseline -0.007 -26"><span class='ocrx_word' id='word_1_24' title='bbox 131 831 320 925; x_wconf 81' lang='lat' dir='ltr'>lngurgitat</span> <span class='ocrx_word' id='word_1_25' title='bbox 342 831 463 924; x_wconf 85' lang='lat' dir='ltr'>inpura</span> <span class='ocrx_word' id='word_1_26' title='bbox 482 831 516 899; x_wconf 91' lang='lat' dir='ltr'>in</span> <span class='ocrx_word' id='word_1_27' title='bbox 535 857 570 900; x_wconf 88' lang='lat' dir='ltr'>se</span> <span class='ocrx_word' id='word_1_28' title='bbox 589 857 718 900; x_wconf 90' lang='lat' dir='ltr'>merum</span> <span class='ocrx_word' id='word_1_29' title='bbox 741 831 894 918; x_wconf 88' lang='lat' dir='ltr'>avariter,</span> <span class='ocrx_word' id='word_1_30' title='bbox 1173 851 1203 892; x_wconf 78' lang='lat' dir='ltr'>:s</span> 
     </span>
    </p>

    <p class='ocr_par' dir='ltr' id='par_1_6' title="bbox 130 937 1240 1119">
     <span class='ocr_line' id='line_1_6' title="bbox 130 937 1240 1035; baseline -0.002 -24"><span class='ocrx_word' id='word_1_31' title='bbox 130 942 294 1011; x_wconf 80' lang='lat' dir='ltr'>Faucibus</span> <span class='ocrx_word' id='word_1_32' title='bbox 319 938 442 1035; x_wconf 85' lang='lat' dir='ltr'>plenis!</span> <span class='ocrx_word' id='word_1_33' title='bbox 474 966 613 1013; x_wconf 73' lang='lat' dir='ltr'>nunna.</span> <span class='ocrx_word' id='word_1_34' title='bbox 641 942 748 1027; x_wconf 90' lang='lat' dir='ltr'>Perii,</span> <span class='ocrx_word' id='word_1_35' title='bbox 775 937 902 1010; x_wconf 88' lang='lat' dir='ltr'>berclel</span> <span class='ocrx_word' id='word_1_36' title='bbox 932 938 1011 1008; x_wconf 91' lang='lat' dir='ltr'>huic</span> <span class='ocrx_word' id='word_1_37' title='bbox 1028 939 1112 1034; x_wconf 89' lang='lat' dir='ltr'>quid</span> <span class='ocrx_word' id='word_1_38' title='bbox 1131 941 1200 1035; x_wconf 92' lang='lat' dir='ltr'>pri·</span> <span class='ocrx_word' id='word_1_39' title='bbox 1235 982 1240 997; x_wconf 87' lang='lat'>·</span> 
     </span>
     <span class='ocr_line' id='line_1_7' title="bbox 277 1050 501 1119; baseline 0.004 -1"><span class='ocrx_word' id='word_1_40' title='bbox 277 1076 368 1119; x_wconf 91' lang='lat' dir='ltr'>mum</span> <span class='ocrx_word' id='word_1_41' title='bbox 393 1050 501 1119; x_wconf 86' lang='lat' dir='ltr'>dicam</span> 
     </span>
    </p>

    <p class='ocr_par' dir='ltr' id='par_1_7' title="bbox 130 1158 1202 1339">
     <span class='ocr_line' id='line_1_8' title="bbox 130 1158 1202 1256; baseline -0.003 -26"><span class='ocrx_word' id='word_1_42' title='bbox 130 1160 264 1230; x_wconf 86' lang='lat' dir='ltr'>Nescio.</span> <span class='ocrx_word' id='word_1_43' title='bbox 283 1184 399 1230; x_wconf 75' lang='lat' dir='ltr'>ntum.</span> <span class='ocrx_word' id='word_1_44' title='bbox 416 1166 501 1231; x_wconf 86' lang='lat' dir='ltr'>Hem</span> <span class='ocrx_word' id='word_1_45' title='bbox 515 1162 615 1246; x_wconf 85' lang='lat' dir='ltr'>istuc,</span> <span class='ocrx_word' id='word_1_46' title='bbox 631 1160 723 1256; x_wconf 91' lang='lat' dir='ltr'>quod</span> <span class='ocrx_word' id='word_1_47' title='bbox 737 1160 819 1230; x_wconf 91' lang='lat' dir='ltr'>mihi</span> <span class='ocrx_word' id='word_1_48' title='bbox 834 1160 930 1229; x_wconf 88' lang='lat' dir='ltr'>dixti.</span> <span class='ocrx_word' id='word_1_49' title='bbox 950 1182 1088 1230; x_wconf 72' lang='lat' dir='ltr'>annun.</span> <span class='ocrx_word' id='word_1_50' title='bbox 1105 1158 1202 1247; x_wconf 83' lang='lat' dir='ltr'><strong>Quid</strong></span> 
     </span>
     <span class='ocr_line' id='line_1_9' title="bbox 278 1269 406 1339; baseline 0.008 -1"><span class='ocrx_word' id='word_1_51' title='bbox 278 1269 312 1338; x_wconf 91' lang='lat' dir='ltr'>id</span> <span class='ocrx_word' id='word_1_52' title='bbox 333 1270 406 1339; x_wconf 83' lang='lat' dir='ltr'>est?</span> 
     </span>
    </p>

    <p class='ocr_par' dir='ltr' id='par_1_8' title="bbox 129 1378 1174 1453">
     <span class='ocr_line' id='line_1_10' title="bbox 129 1378 1174 1453; baseline -0.001 -6"><span class='ocrx_word' id='word_1_53' title='bbox 129 1403 245 1449; x_wconf 78' lang='lat' dir='ltr'>mun.</span> <span class='ocrx_word' id='word_1_54' title='bbox 265 1382 406 1451; x_wconf 79' lang='lat' dir='ltr'>Periisse</span> <span class='ocrx_word' id='word_1_55' title='bbox 420 1394 505 1450; x_wconf 85' lang='lat' dir='ltr'>otte</span> <span class='ocrx_word' id='word_1_56' title='bbox 523 1380 625 1453; x_wconf 90' lang='lat' dir='ltr'>dicas.</span> <span class='ocrx_word' id='word_1_57' title='bbox 647 1405 785 1451; x_wconf 67' lang='lat' dir='ltr'>ennon.</span> <span class='ocrx_word' id='word_1_58' title='bbox 807 1379 897 1450; x_wconf 89' lang='lat' dir='ltr'>Male</span> <span class='ocrx_word' id='word_1_59' title='bbox 912 1380 973 1448; x_wconf 92' lang='lat' dir='ltr'>tibi</span> <span class='ocrx_word' id='word_1_60' title='bbox 988 1378 1021 1447; x_wconf 89' lang='lat' dir='ltr'>di</span> <span class='ocrx_word' id='word_1_61' title='bbox 1038 1378 1174 1448; x_wconf 86' lang='lat' dir='ltr'>faciant.</span> 
     </span>
    </p>

    <p class='ocr_par' dir='ltr' id='par_1_9' title="bbox 130 1486 1202 1668">
     <span class='ocr_line' id='line_1_11' title="bbox 130 1486 1202 1583; baseline -0.001 -26"><span class='ocrx_word' id='word_1_62' title='bbox 130 1513 248 1559; x_wconf 70' lang='lat' dir='ltr'>neuin.</span> <span class='ocrx_word' id='word_1_63' title='bbox 270 1490 335 1559; x_wconf 90' lang='lat' dir='ltr'>Dic</span> <span class='ocrx_word' id='word_1_64' title='bbox 352 1490 417 1559; x_wconf 89' lang='lat' dir='ltr'>isti.</span> <span class='ocrx_word' id='word_1_65' title='bbox 434 1514 511 1560; x_wconf 79' lang='lat' dir='ltr'>nnn.</span> <span class='ocrx_word' id='word_1_66' title='bbox 528 1488 596 1562; x_wconf 87' lang='lat' dir='ltr'>Ab!</span> <span class='ocrx_word' id='word_1_67' title='bbox 613 1515 731 1561; x_wconf 73' lang='lat' dir='ltr'>pantu.</span> <span class='ocrx_word' id='word_1_68' title='bbox 747 1489 842 1580; x_wconf 84' lang='lat' dir='ltr'><strong>Quid</strong></span> <span class='ocrx_word' id='word_1_69' title='bbox 856 1492 926 1559; x_wconf 82' lang='lat' dir='ltr'>est?</span> <span class='ocrx_word' id='word_1_70' title='bbox 943 1487 1064 1583; x_wconf 87' lang='lat' dir='ltr'>ecquid</span> <span class='ocrx_word' id='word_1_71' title='bbox 1081 1486 1202 1557; x_wconf 81' lang='lat' dir='ltr'>lubet?</span> 
     </span>
     <span class='ocr_line' id='line_1_12' title="bbox 276 1600 495 1668; baseline 0.005 -1"><span class='ocrx_word' id='word_1_72' title='bbox 276 1622 353 1667; x_wconf 79' lang='lat' dir='ltr'>nnn.</span> <span class='ocrx_word' id='word_1_73' title='bbox 375 1600 495 1668; x_wconf 78' lang='lat' dir='ltr'>Lubet.</span> 
     </span>
    </p>

    <p class='ocr_par' dir='ltr' id='par_1_10' title="bbox 130 1707 1202 1803">
     <span class='ocr_line' id='line_1_13' title="bbox 130 1707 1202 1803; baseline 0.004 -28"><span class='ocrx_word' id='word_1_74' title='bbox 130 1728 249 1775; x_wconf 73' lang='lat' dir='ltr'>annin.</span> <span class='ocrx_word' id='word_1_75' title='bbox 267 1709 377 1776; x_wconf 89' lang='lat' dir='ltr'>Etiam</span> <span class='ocrx_word' id='word_1_76' title='bbox 398 1710 481 1777; x_wconf 90' lang='lat' dir='ltr'>mibi</span> <span class='ocrx_word' id='word_1_77' title='bbox 500 1734 634 1803; x_wconf 85' lang='lat' dir='ltr'>quoque</span> <span class='ocrx_word' id='word_1_78' title='bbox 655 1709 792 1779; x_wconf 90' lang='lat' dir='ltr'>stimulo</span> <span class='ocrx_word' id='word_1_79' title='bbox 814 1709 929 1778; x_wconf 83' lang='lat' dir='ltr'>fodore</span> <span class='ocrx_word' id='word_1_80' title='bbox 950 1707 1043 1778; x_wconf 91' lang='lat' dir='ltr'>lubet</span> <span class='ocrx_word' id='word_1_81' title='bbox 1062 1723 1105 1777; x_wconf 92' lang='lat' dir='ltr'>te.</span> <span class='ocrx_word' id='word_1_82' title='bbox 1174 1736 1202 1779; x_wconf 75' lang='lat' dir='ltr'>eo</span> 
     </span>
    </p>

    <p class='ocr_par' dir='ltr' id='par_1_11' title="bbox 131 1819 1201 2025">
     <span class='ocr_line' id='line_1_14' title="bbox 131 1819 1201 1904; baseline 0.006 -20"><span class='ocrx_word' id='word_1_83' title='bbox 131 1839 270 1886; x_wconf 73' lang='lat' dir='ltr'>rumolt.</span> <span class='ocrx_word' id='word_1_84' title='bbox 293 1822 394 1904; x_wconf 87' lang='lat' dir='ltr'>Tace,</span> <span class='ocrx_word' id='word_1_85' title='bbox 413 1819 493 1889; x_wconf 91' lang='lat' dir='ltr'>noli.</span> <span class='ocrx_word' id='word_1_86' title='bbox 511 1845 628 1891; x_wconf 76' lang='lat' dir='ltr'>rasin.</span> <span class='ocrx_word' id='word_1_87' title='bbox 648 1823 780 1890; x_wconf 85' lang='lat' dir='ltr'>Taceo:</span> <span class='ocrx_word' id='word_1_88' title='bbox 803 1846 879 1890; x_wconf 90' lang='lat' dir='ltr'>ecce</span> <span class='ocrx_word' id='word_1_89' title='bbox 905 1835 1016 1889; x_wconf 87' lang='lat' dir='ltr'>autem</span> <span class='ocrx_word' id='word_1_90' title='bbox 1036 1820 1124 1889; x_wconf 87' lang='lat' dir='ltr'>bibit</span> <span class='ocrx_word' id='word_1_91' title='bbox 1141 1845 1201 1890; x_wconf 89' lang='lat' dir='ltr'>ar-</span> 
     </span>
     <span class='ocr_line' id='line_1_15' title="bbox 277 1928 468 2025; baseline 0.01 -28"><span class='ocrx_word' id='word_1_92' title='bbox 277 1952 356 2016; x_wconf 90' lang='lat' dir='ltr'>cus;</span> <span class='ocrx_word' id='word_1_93' title='bbox 375 1928 468 2025; x_wconf 85' lang='lat' dir='ltr'>pluet</span> 
     </span>
    </p>

    <p class='ocr_par' dir='ltr' id='par_1_12' title="bbox 131 2036 1203 2240">
     <span class='ocr_line' id='line_1_16' title="bbox 131 2036 1203 2134; baseline 0.002 -27"><span class='ocrx_word' id='word_1_94' title='bbox 131 2036 260 2125; x_wconf 80' lang='lat' dir='ltr'>Credo,</span> <span class='ocrx_word' id='word_1_95' title='bbox 288 2038 420 2129; x_wconf 84' lang='lat' dir='ltr'>hercle,</span> <span class='ocrx_word' id='word_1_96' title='bbox 452 2041 560 2111; x_wconf 82' lang='lat' dir='ltr'>hodie..</span> <span class='ocrx_word' id='word_1_97' title='bbox 596 2065 732 2112; x_wconf 70' lang='lat' dir='ltr'>ennon.</span> <span class='ocrx_word' id='word_1_98' title='bbox 763 2045 880 2110; x_wconf 79' lang='lat' dir='ltr'>iamne</span> <span class='ocrx_word' id='word_1_99' title='bbox 907 2065 971 2134; x_wconf 84' lang='lat' dir='ltr'>ego</span> <span class='ocrx_word' id='word_1_100' title='bbox 1000 2039 1082 2109; x_wconf 89' lang='lat' dir='ltr'>buio</span> <span class='ocrx_word' id='word_1_101' title='bbox 1104 2038 1203 2109; x_wconf 73' lang='lat' dir='ltr'>dico?</span> 
     </span>
     <span class='ocr_line' id='line_1_17' title="bbox 275 2151 639 2240; baseline 0.008 -22"><span class='ocrx_word' id='word_1_102' title='bbox 275 2174 391 2221; x_wconf 75' lang='lat' dir='ltr'>pantu.</span> <span class='ocrx_word' id='word_1_103' title='bbox 415 2152 509 2240; x_wconf 90' lang='lat' dir='ltr'>Quid</span> <span class='ocrx_word' id='word_1_104' title='bbox 527 2151 639 2221; x_wconf 80' lang='lat' dir='ltr'>dices?</span> 
     </span>
    </p>

    <p class='ocr_par' dir='ltr' id='par_1_13' title="bbox 129 2260 1202 2441">
     <span class='ocr_line' id='line_1_18' title="bbox 129 2260 1202 2358; baseline 0.004 -33"><span class='ocrx_word' id='word_1_105' title='bbox 129 2278 267 2326; x_wconf 72' lang='lat' dir='ltr'>ennon.</span> <span class='ocrx_word' id='word_1_106' title='bbox 293 2262 351 2328; x_wconf 81' lang='lat' dir='ltr'>Me</span> <span class='ocrx_word' id='word_1_107' title='bbox 379 2262 524 2353; x_wconf 88' lang='lat' dir='ltr'>periisse.</span> <span class='ocrx_word' id='word_1_108' title='bbox 550 2285 668 2331; x_wconf 75' lang='lat' dir='ltr'>nonin.</span> <span class='ocrx_word' id='word_1_109' title='bbox 691 2265 786 2358; x_wconf 24' lang='lat' dir='ltr'>elige,</span> <span class='ocrx_word' id='word_1_110' title='bbox 808 2260 891 2330; x_wconf 86' lang='lat' dir='ltr'>dice.</span> <span class='ocrx_word' id='word_1_111' title='bbox 912 2284 1052 2330; x_wconf 71' lang='lat' dir='ltr'>ennon.</span> <span class='ocrx_word' id='word_1_112' title='bbox 1082 2262 1202 2348; x_wconf 78' lang='lat' dir='ltr'>Anus,</span> 
     </span>
     <span class='ocr_line' id='line_1_19' title="bbox 276 2369 549 2441; baseline 0.015 -4"><span class='ocrx_word' id='word_1_113' title='bbox 276 2369 354 2438; x_wconf 87' lang='lat' dir='ltr'>audi</span> <span class='ocrx_word' id='word_1_114' title='bbox 370 2397 377 2439; x_wconf 95' lang='lat'>:</span> <span class='ocrx_word' id='word_1_115' title='bbox 393 2371 458 2439; x_wconf 90' lang='lat' dir='ltr'>hoc</span> <span class='ocrx_word' id='word_1_116' title='bbox 473 2370 549 2441; x_wconf 89' lang='lat' dir='ltr'>volo</span> 
     </span>
    </p>

    <p class='ocr_par' dir='ltr' id='par_1_14' title="bbox 128 2478 1163 2576">
     <span class='ocr_line' id='line_1_20' title="bbox 128 2478 1163 2576; baseline 0.004 -29"><span class='ocrx_word' id='word_1_117' title='bbox 128 2478 220 2547; x_wconf 84' lang='lat' dir='ltr'>Scire</span> <span class='ocrx_word' id='word_1_118' title='bbox 238 2493 290 2563; x_wconf 90' lang='lat' dir='ltr'>te,</span> <span class='ocrx_word' id='word_1_119' title='bbox 308 2480 458 2574; x_wconf 90' lang='lat' dir='ltr'>perditus</span> <span class='ocrx_word' id='word_1_120' title='bbox 474 2508 545 2550; x_wconf 89' lang='lat' dir='ltr'>sum</span> <span class='ocrx_word' id='word_1_121' title='bbox 562 2484 672 2553; x_wconf 90' lang='lat' dir='ltr'>miser.</span> <span class='ocrx_word' id='word_1_122' title='bbox 695 2507 773 2554; x_wconf 80' lang='lat' dir='ltr'>nnn.</span> <span class='ocrx_word' id='word_1_123' title='bbox 785 2486 826 2553; x_wconf 78' lang='lat' dir='ltr'>At</span> <span class='ocrx_word' id='word_1_124' title='bbox 841 2536 850 2565; x_wconf 96' lang='lat'>,</span> <span class='ocrx_word' id='word_1_125' title='bbox 866 2479 921 2576; x_wconf 93' lang='lat' dir='ltr'>pol</span> <span class='ocrx_word' id='word_1_126' title='bbox 936 2537 945 2569; x_wconf 96' lang='lat'>,</span> <span class='ocrx_word' id='word_1_127' title='bbox 959 2507 1021 2576; x_wconf 82' lang='lat' dir='ltr'>ego</span> <span class='ocrx_word' id='word_1_128' title='bbox 1035 2480 1163 2575; x_wconf 90' lang='lat' dir='ltr'>oppido</span> 
     </span>
    </p>

    <p class='ocr_par' dir='ltr' id='par_1_15' title="bbox 130 2591 1201 2688">
     <span class='ocr_line' id='line_1_21' title="bbox 130 2591 1201 2688; baseline -0.003 -30"><span class='ocrx_word' id='word_1_129' title='bbox 130 2591 291 2661; x_wconf 79' lang='lat' dir='ltr'>Servata:</span> <span class='ocrx_word' id='word_1_130' title='bbox 312 2591 369 2659; x_wconf 88' lang='lat' dir='ltr'>sed</span> <span class='ocrx_word' id='word_1_131' title='bbox 389 2591 550 2685; x_wconf 89' lang='lat' dir='ltr'>quidest,</span> <span class='ocrx_word' id='word_1_132' title='bbox 570 2594 651 2687; x_wconf 87' lang='lat' dir='ltr'>quid</span> <span class='ocrx_word' id='word_1_133' title='bbox 671 2593 762 2662; x_wconf 84' lang='lat' dir='ltr'>lubet</span> <span class='ocrx_word' id='word_1_134' title='bbox 783 2593 950 2688; x_wconf 89' lang='lat' dir='ltr'>perditum</span> <span class='ocrx_word' id='word_1_135' title='bbox 1172 2610 1201 2655; x_wconf 72' lang='lat' dir='ltr'>ts</span> 
     </span>
    </p>

    <p class='ocr_par' dir='ltr' id='par_1_16' title="bbox 130 2700 1080 2799">
     <span class='ocr_line' id='line_1_22' title="bbox 130 2700 1080 2799; baseline 0.002 -30"><span class='ocrx_word' id='word_1_136' title='bbox 130 2700 250 2769; x_wconf 84' lang='lat' dir='ltr'>Dicere</span> <span class='ocrx_word' id='word_1_137' title='bbox 271 2716 302 2769; x_wconf 86' lang='lat' dir='ltr'>te</span> <span class='ocrx_word' id='word_1_138' title='bbox 316 2702 410 2771; x_wconf 85' lang='lat' dir='ltr'>esse?</span> <span class='ocrx_word' id='word_1_139' title='bbox 428 2727 563 2774; x_wconf 69' lang='lat' dir='ltr'>ennon.</span> <span class='ocrx_word' id='word_1_140' title='bbox 579 2704 668 2794; x_wconf 89' lang='lat' dir='ltr'>Quia</span> <span class='ocrx_word' id='word_1_141' title='bbox 684 2704 738 2793; x_wconf 91' lang='lat' dir='ltr'>id,</span> <span class='ocrx_word' id='word_1_142' title='bbox 756 2704 846 2799; x_wconf 93' lang='lat' dir='ltr'>quod</span> <span class='ocrx_word' id='word_1_143' title='bbox 862 2728 955 2791; x_wconf 87' lang='lat' dir='ltr'>amo,</span> <span class='ocrx_word' id='word_1_144' title='bbox 971 2726 1080 2772; x_wconf 88' lang='lat' dir='ltr'>careo.</span> 
     </span>
    </p>
   </div>
   <div class='ocr_carea' id='block_1_3' title="bbox 126 2896 1201 3850">
    <p class='ocr_par' dir='ltr' id='par_1_17' title="bbox 126 2896 1201 3850">
     <span class='ocr_line' id='line_1_23' title="bbox 128 2896 1201 2972; baseline 0.003 -23"><span class='ocrx_word' id='word_1_145' title='bbox 128 2896 191 2949; x_wconf 84' lang='lat' dir='ltr'>xilla</span> <span class='ocrx_word' id='word_1_146' title='bbox 214 2896 337 2967; x_wconf 86' lang='lat' dir='ltr'>quidem,</span> <span class='ocrx_word' id='word_1_147' title='bbox 357 2900 378 2951; x_wconf 89' lang='lat' dir='ltr'>si</span> <span class='ocrx_word' id='word_1_148' title='bbox 395 2901 555 2970; x_wconf 79' lang='lat' dir='ltr'>quantillum</span> <span class='ocrx_word' id='word_1_149' title='bbox 577 2919 642 2954; x_wconf 84' lang='lat' dir='ltr'>nnus</span> <span class='ocrx_word' id='word_1_150' title='bbox 686 2920 729 2955; x_wconf 89' lang='lat' dir='ltr'>me</span> <span class='ocrx_word' id='word_1_151' title='bbox 745 2900 816 2955; x_wconf 88' lang='lat' dir='ltr'>istud</span> <span class='ocrx_word' id='word_1_152' title='bbox 826 2914 918 2972; x_wconf 82' lang='lat' dir='ltr'>aptum</span> <span class='ocrx_word' id='word_1_153' title='bbox 933 2897 1006 2971; x_wconf 87' lang='lat' dir='ltr'>quod</span> <span class='ocrx_word' id='word_1_154' title='bbox 1018 2898 1097 2960; x_wconf 86' lang='lat' dir='ltr'>dicis,</span> <span class='ocrx_word' id='word_1_155' title='bbox 1115 2911 1141 2952; x_wconf 86' lang='lat' dir='ltr'>te</span> <span class='ocrx_word' id='word_1_156' title='bbox 1151 2917 1201 2971; x_wconf 88' lang='lat' dir='ltr'>pe·</span> 
     </span>
     <span class='ocr_line' id='line_1_24' title="bbox 128 2976 818 3041; baseline 0.007 -13"><span class='ocrx_word' id='word_1_157' title='bbox 128 2976 212 3041; x_wconf 84' lang='lat' dir='ltr'>sitiat,</span> <span class='ocrx_word' id='word_1_158' title='bbox 229 2977 388 3033; x_wconf 83' lang='lat' dir='ltr'>consideres.</span> <span class='ocrx_word' id='word_1_159' title='bbox 408 2978 487 3033; x_wconf 85' lang='lat' dir='ltr'>Haud</span> <span class='ocrx_word' id='word_1_160' title='bbox 511 2981 641 3033; x_wconf 80' lang='lat' dir='ltr'>absimilia</span> <span class='ocrx_word' id='word_1_161' title='bbox 685 2982 769 3035; x_wconf 77' lang='lat' dir='ltr'>riisae.</span> <span class='ocrx_word' id='word_1_162' title='bbox 784 2982 818 3034; x_wconf 91' lang='lat' dir='ltr'>N.</span> 
     </span>
     <span class='ocr_line' id='line_1_25' title="bbox 128 3056 1199 3130; baseline 0.003 -21"><span class='ocrx_word' id='word_1_163' title='bbox 128 3059 306 3112; x_wconf 80' lang='lat' dir='ltr'>venerationis</span> <span class='ocrx_word' id='word_1_164' title='bbox 315 3061 641 3130; x_wconf 79' lang='lat' dir='ltr'>malignaecomicuexern·</span> <span class='ocrx_word' id='word_1_165' title='bbox 727 3060 772 3130; x_wconf 82' lang='lat'>39.</span> <span class='ocrx_word' id='word_1_166' title='bbox 802 3062 853 3111; x_wconf 80' lang='lat' dir='ltr'>Die</span> <span class='ocrx_word' id='word_1_167' title='bbox 870 3062 919 3112; x_wconf 77' lang='lat' dir='ltr'>isti.</span> <span class='ocrx_word' id='word_1_168' title='bbox 946 3057 1021 3113; x_wconf 82' lang='lat' dir='ltr'>Istud</span> <span class='ocrx_word' id='word_1_169' title='bbox 1050 3070 1143 3111; x_wconf 76' lang='lat' dir='ltr'>votum</span> <span class='ocrx_word' id='word_1_170' title='bbox 1162 3056 1199 3112; x_wconf 77' lang='lat' dir='ltr'>ed</span> 
     </span>
     <span class='ocr_line' id='line_1_26' title="bbox 128 3136 1199 3211; baseline 0.003 -23"><span class='ocrx_word' id='word_1_171' title='bbox 128 3137 174 3207; x_wconf 85' lang='lat' dir='ltr'>pla</span> <span class='ocrx_word' id='word_1_172' title='bbox 187 3136 277 3191; x_wconf 83' lang='lat' dir='ltr'>videas</span> <span class='ocrx_word' id='word_1_173' title='bbox 291 3140 411 3193; x_wconf 81' lang='lat' dir='ltr'>Aulular.</span> <span class='ocrx_word' id='word_1_174' title='bbox 426 3141 476 3206; x_wconf 88' lang='lat' dir='ltr'>IV,</span> <span class='ocrx_word' id='word_1_175' title='bbox 489 3162 522 3206; x_wconf 78' lang='lat' dir='ltr'>u,</span> <span class='ocrx_word' id='word_1_176' title='bbox 540 3143 591 3206; x_wconf 83' lang='lat'>16,</span> <span class='ocrx_word' id='word_1_177' title='bbox 606 3144 641 3206; x_wconf 82' lang='lat'>6,</span> <span class='ocrx_word' id='word_1_178' title='bbox 686 3140 761 3193; x_wconf 83' lang='lat' dir='ltr'>istam</span> <span class='ocrx_word' id='word_1_179' title='bbox 776 3138 1041 3211; x_wconf 58' lang='lat' dir='ltr'>transfere-Ecquid</span> <span class='ocrx_word' id='word_1_180' title='bbox 1051 3138 1137 3189; x_wconf 68' lang='lat' dir='ltr'>lubet:²</span> <span class='ocrx_word' id='word_1_181' title='bbox 1153 3138 1199 3191; x_wconf 79' lang='lat' dir='ltr'>An</span> 
     </span>
     <span class='ocr_line' id='line_1_27' title="bbox 131 3216 1200 3291; baseline 0 -20"><span class='ocrx_word' id='word_1_182' title='bbox 131 3218 157 3271; x_wconf 83' lang='lat'>5.</span> <span class='ocrx_word' id='word_1_183' title='bbox 171 3216 206 3268; x_wconf 88' lang='lat' dir='ltr'>N.</span> <span class='ocrx_word' id='word_1_184' title='bbox 686 3220 736 3272; x_wconf 91' lang='lat' dir='ltr'>tibi</span> <span class='ocrx_word' id='word_1_185' title='bbox 746 3218 897 3291; x_wconf 83' lang='lat' dir='ltr'>jucundum</span> <span class='ocrx_word' id='word_1_186' title='bbox 912 3219 962 3272; x_wconf 86' lang='lat' dir='ltr'>lit?</span> <span class='ocrx_word' id='word_1_187' title='bbox 974 3218 1017 3271; x_wconf 78' lang='lat' dir='ltr'>sio</span> <span class='ocrx_word' id='word_1_188' title='bbox 1029 3217 1200 3271; x_wconf 78' lang='lat' dir='ltr'>exclamatio·</span> 
     </span>
     <span class='ocr_line' id='line_1_28' title="bbox 170 3295 1198 3371; baseline 0.002 -22"><span class='ocrx_word' id='word_1_189' title='bbox 170 3298 224 3361; x_wconf 75' lang='lat'>3¹,</span> <span class='ocrx_word' id='word_1_190' title='bbox 239 3297 285 3351; x_wconf 79' lang='lat'>33.</span> <span class='ocrx_word' id='word_1_191' title='bbox 300 3299 500 3369; x_wconf 79' lang='lat' dir='ltr'>Propinanteis...</span> <span class='ocrx_word' id='word_1_192' title='bbox 509 3304 639 3371; x_wconf 76' lang='lat' dir='ltr'>potenteis.</span> <span class='ocrx_word' id='word_1_193' title='bbox 685 3319 719 3353; x_wconf 86' lang='lat' dir='ltr'>ne</span> <span class='ocrx_word' id='word_1_194' title='bbox 732 3297 871 3371; x_wconf 74' lang='lat' dir='ltr'>gaudentis</span> <span class='ocrx_word' id='word_1_195' title='bbox 891 3317 956 3351; x_wconf 85' lang='lat' dir='ltr'>anus</span> <span class='ocrx_word' id='word_1_196' title='bbox 970 3295 1075 3361; x_wconf 80' lang='lat' dir='ltr'>audita,</span> <span class='ocrx_word' id='word_1_197' title='bbox 1089 3298 1198 3351; x_wconf 84' lang='lat' dir='ltr'>mollem</span> 
     </span>
     <span class='ocr_line' id='line_1_29' title="bbox 128 3376 1201 3452; baseline 0 -23"><span class='ocrx_word' id='word_1_198' title='bbox 128 3376 210 3429; x_wconf 80' lang='lat' dir='ltr'>Multi</span> <span class='ocrx_word' id='word_1_199' title='bbox 221 3391 329 3431; x_wconf 75' lang='lat' dir='ltr'>renuent</span> <span class='ocrx_word' id='word_1_200' title='bbox 338 3379 382 3431; x_wconf 93' lang='lat' dir='ltr'>bic</span> <span class='ocrx_word' id='word_1_201' title='bbox 391 3398 447 3432; x_wconf 83' lang='lat' dir='ltr'>esse</span> <span class='ocrx_word' id='word_1_202' title='bbox 459 3382 640 3452; x_wconf 74' lang='lat' dir='ltr'>tautologiam,</span> <span class='ocrx_word' id='word_1_203' title='bbox 685 3378 757 3432; x_wconf 81' lang='lat' dir='ltr'>sandi</span> <span class='ocrx_word' id='word_1_204' title='bbox 770 3379 871 3432; x_wconf 88' lang='lat' dir='ltr'>aditum</span> <span class='ocrx_word' id='word_1_205' title='bbox 888 3390 1010 3450; x_wconf 82' lang='lat' dir='ltr'>occupat.</span> <span class='ocrx_word' id='word_1_206' title='bbox 1027 3379 1067 3429; x_wconf 87' lang='lat' dir='ltr'>De</span> <span class='ocrx_word' id='word_1_207' title='bbox 1081 3396 1149 3430; x_wconf 79' lang='lat' dir='ltr'>voce</span> <span class='ocrx_word' id='word_1_208' title='bbox 1161 3398 1201 3429; x_wconf 82' lang='lat' dir='ltr'>ee·</span> 
     </span>
     <span class='ocr_line' id='line_1_30' title="bbox 127 3456 1087 3532; baseline -0.003 -22"><span class='ocrx_word' id='word_1_209' title='bbox 127 3470 154 3510; x_wconf 90' lang='lat' dir='ltr'>et</span> <span class='ocrx_word' id='word_1_210' title='bbox 168 3456 297 3510; x_wconf 83' lang='lat' dir='ltr'>damnant</span> <span class='ocrx_word' id='word_1_211' title='bbox 307 3472 419 3529; x_wconf 80' lang='lat' dir='ltr'>potantes</span> <span class='ocrx_word' id='word_1_212' title='bbox 431 3473 556 3532; x_wconf 79' lang='lat' dir='ltr'>tunquam</span> <span class='ocrx_word' id='word_1_213' title='bbox 568 3462 637 3531; x_wconf 76' lang='lat' dir='ltr'>glos·</span> <span class='ocrx_word' id='word_1_214' title='bbox 685 3461 745 3532; x_wconf 83' lang='lat' dir='ltr'>quid</span> <span class='ocrx_word' id='word_1_215' title='bbox 756 3460 791 3512; x_wconf 84' lang='lat' dir='ltr'>el.</span> <span class='ocrx_word' id='word_1_216' title='bbox 807 3460 865 3513; x_wconf 81' lang='lat' dir='ltr'>Cas.</span> <span class='ocrx_word' id='word_1_217' title='bbox 877 3461 919 3521; x_wconf 82' lang='lat'>11,</span> <span class='ocrx_word' id='word_1_218' title='bbox 938 3463 971 3521; x_wconf 84' lang='lat'>6,</span> <span class='ocrx_word' id='word_1_219' title='bbox 988 3458 1033 3510; x_wconf 77' lang='lat'>52.</span> <span class='ocrx_word' id='word_1_220' title='bbox 1052 3456 1087 3507; x_wconf 87' lang='lat' dir='ltr'>N.</span> 
     </span>
     <span class='ocr_line' id='line_1_31' title="bbox 128 3535 1199 3611; baseline -0.004 -20"><span class='ocrx_word' id='word_1_221' title='bbox 128 3556 216 3603; x_wconf 85' lang='lat' dir='ltr'>sema,</span> <span class='ocrx_word' id='word_1_222' title='bbox 229 3536 351 3591; x_wconf 79' lang='lat' dir='ltr'>videlicet</span> <span class='ocrx_word' id='word_1_223' title='bbox 364 3553 425 3610; x_wconf 87' lang='lat' dir='ltr'>post</span> <span class='ocrx_word' id='word_1_224' title='bbox 432 3545 587 3611; x_wconf 74' lang='lat' dir='ltr'>propinantes</span> <span class='ocrx_word' id='word_1_225' title='bbox 598 3542 639 3592; x_wconf 82' lang='lat' dir='ltr'>sir·</span> <span class='ocrx_word' id='word_1_226' title='bbox 724 3540 841 3602; x_wconf 65' lang='lat' dir='ltr'>deibr&#39;t</span> <span class='ocrx_word' id='word_1_227' title='bbox 854 3558 932 3591; x_wconf 81' lang='lat' dir='ltr'>arcus.</span> <span class='ocrx_word' id='word_1_228' title='bbox 943 3535 1064 3591; x_wconf 87' lang='lat' dir='ltr'>Credidit</span> <span class='ocrx_word' id='word_1_229' title='bbox 1072 3548 1199 3601; x_wconf 75' lang='lat' dir='ltr'>vetustus,</span> 
     </span>
     <span class='ocr_line' id='line_1_32' title="bbox 126 3616 1200 3690; baseline -0.002 -19"><span class='ocrx_word' id='word_1_230' title='bbox 126 3636 333 3689; x_wconf 83' lang='lat' dir='ltr'>pervacanenm.</span> <span class='ocrx_word' id='word_1_231' title='bbox 348 3620 490 3690; x_wconf 75' lang='lat' dir='ltr'>vulgatum</span> <span class='ocrx_word' id='word_1_232' title='bbox 517 3621 635 3679; x_wconf 85' lang='lat' dir='ltr'>retineo,</span> <span class='ocrx_word' id='word_1_233' title='bbox 682 3618 783 3671; x_wconf 91' lang='lat' dir='ltr'>Iridem</span> <span class='ocrx_word' id='word_1_234' title='bbox 793 3617 912 3671; x_wconf 82' lang='lat' dir='ltr'>demissis</span> <span class='ocrx_word' id='word_1_235' title='bbox 923 3618 951 3669; x_wconf 91' lang='lat' dir='ltr'>iu</span> <span class='ocrx_word' id='word_1_236' title='bbox 964 3630 1060 3669; x_wconf 81' lang='lat' dir='ltr'>terram</span> <span class='ocrx_word' id='word_1_237' title='bbox 1073 3616 1200 3669; x_wconf 81' lang='lat' dir='ltr'>cornibus</span> 
     </span>
     <span class='ocr_line' id='line_1_33' title="bbox 127 3695 1199 3769; baseline -0.004 -18"><span class='ocrx_word' id='word_1_238' title='bbox 127 3717 189 3767; x_wconf 73' lang='lat' dir='ltr'>qun</span> <span class='ocrx_word' id='word_1_239' title='bbox 202 3718 256 3752; x_wconf 92' lang='lat' dir='ltr'>non</span> <span class='ocrx_word' id='word_1_240' title='bbox 276 3697 344 3751; x_wconf 83' lang='lat' dir='ltr'>adeo</span> <span class='ocrx_word' id='word_1_241' title='bbox 366 3700 433 3752; x_wconf 91' lang='lat' dir='ltr'>male</span> <span class='ocrx_word' id='word_1_242' title='bbox 453 3700 547 3753; x_wconf 81' lang='lat' dir='ltr'>allecta</span> <span class='ocrx_word' id='word_1_243' title='bbox 562 3698 637 3752; x_wconf 83' lang='lat' dir='ltr'>vide·</span> <span class='ocrx_word' id='word_1_244' title='bbox 682 3698 934 3769; x_wconf 84' lang='lat' dir='ltr'>aquamelontibus</span> <span class='ocrx_word' id='word_1_245' title='bbox 948 3696 1066 3749; x_wconf 84' lang='lat' dir='ltr'>haurire.</span> <span class='ocrx_word' id='word_1_246' title='bbox 1081 3695 1151 3748; x_wconf 80' lang='lat' dir='ltr'>ilino</span> <span class='ocrx_word' id='word_1_247' title='bbox 1165 3696 1199 3747; x_wconf 91' lang='lat' dir='ltr'>il·</span> 
     </span>
     <span class='ocr_line' id='line_1_34' title="bbox 128 3775 1199 3850; baseline -0.001 -21"><span class='ocrx_word' id='word_1_248' title='bbox 128 3790 180 3832; x_wconf 85' lang='lat' dir='ltr'>tur.</span> <span class='ocrx_word' id='word_1_249' title='bbox 198 3778 282 3832; x_wconf 77' lang='lat' dir='ltr'>Aliud</span> <span class='ocrx_word' id='word_1_250' title='bbox 300 3784 444 3849; x_wconf 79' lang='lat' dir='ltr'>propinare,</span> <span class='ocrx_word' id='word_1_251' title='bbox 459 3779 531 3832; x_wconf 88' lang='lat' dir='ltr'>aliud</span> <span class='ocrx_word' id='word_1_252' title='bbox 542 3793 636 3850; x_wconf 74' lang='lat' dir='ltr'>potare.</span> <span class='ocrx_word' id='word_1_253' title='bbox 682 3778 728 3830; x_wconf 92' lang='lat' dir='ltr'>lud</span> <span class='ocrx_word' id='word_1_254' title='bbox 741 3778 849 3848; x_wconf 83' lang='lat' dir='ltr'>Virgilii</span> <span class='ocrx_word' id='word_1_255' title='bbox 862 3778 958 3848; x_wconf 81' lang='lat' dir='ltr'>Georg.</span> <span class='ocrx_word' id='word_1_256' title='bbox 972 3778 999 3837; x_wconf 93' lang='lat'>1,</span> <span class='ocrx_word' id='word_1_257' title='bbox 1013 3775 1083 3829; x_wconf 80' lang='lat'>380:</span> <span class='ocrx_word' id='word_1_258' title='bbox 1096 3801 1108 3821; x_wconf 85' lang='lat'><strong>·</strong></span> <span class='ocrx_word' id='word_1_259' title='bbox 1122 3788 1199 3828; x_wconf 84' lang='lat' dir='ltr'>...et</span> 
     </span>
    </p>
   </div>
   <div class='ocr_carea' id='block_1_4' title="bbox 20 3855 1196 3927">
    <p class='ocr_par' dir='ltr' id='par_1_18' title="bbox 20 3855 1196 3927">
     <span class='ocr_line' id='line_1_35' title="bbox 20 3855 1196 3927; baseline -0.003 -18"><span class='ocrx_word' id='word_1_260' title='bbox 20 3872 23 3879; x_wconf 94' lang='grc'><strong><em>·</em></strong></span> <span class='ocrx_word' id='word_1_261' title='bbox 129 3856 170 3910; x_wconf 81' lang='lat' dir='ltr'>Cf.</span> <span class='ocrx_word' id='word_1_262' title='bbox 187 3860 258 3912; x_wconf 74' lang='lat' dir='ltr'>Asin.</span> <span class='ocrx_word' id='word_1_263' title='bbox 274 3860 324 3924; x_wconf 94' lang='lat' dir='ltr'>IV,</span> <span class='ocrx_word' id='word_1_264' title='bbox 342 3876 365 3917; x_wconf 86' lang='lat' dir='ltr'>t,</span> <span class='ocrx_word' id='word_1_265' title='bbox 382 3864 435 3920; x_wconf 76' lang='lat' dir='ltr'>ab,</span> <span class='ocrx_word' id='word_1_266' title='bbox 454 3872 498 3922; x_wconf 79' lang='lat'>27.</span> <span class='ocrx_word' id='word_1_267' title='bbox 515 3860 549 3912; x_wconf 90' lang='lat' dir='ltr'>N.</span> <span class='ocrx_word' id='word_1_268' title='bbox 682 3858 750 3911; x_wconf 91' lang='lat' dir='ltr'>bibit</span> <span class='ocrx_word' id='word_1_269' title='bbox 765 3858 859 3927; x_wconf 78' lang='lat' dir='ltr'>ingens</span> <span class='ocrx_word' id='word_1_270' title='bbox 874 3857 962 3910; x_wconf 79' lang='lat' dir='ltr'>Arcus</span> <span class='ocrx_word' id='word_1_271' title='bbox 973 3882 1002 3920; x_wconf 73' lang='grc' dir='ltr'>ι,</span> <span class='ocrx_word' id='word_1_272' title='bbox 1023 3868 1047 3908; x_wconf 92' lang='lat' dir='ltr'>et</span> <span class='ocrx_word' id='word_1_273' title='bbox 1062 3856 1129 3908; x_wconf 85' lang='lat' dir='ltr'>Stut.</span> <span class='ocrx_word' id='word_1_274' title='bbox 1141 3855 1196 3906; x_wconf 81' lang='lat' dir='ltr'>Tb.</span> 
     </span>
    </p>
   </div>
   <div class='ocr_carea' id='block_1_5' title="bbox 134 3934 1198 4082">
    <p class='ocr_par' dir='ltr' id='par_1_19' title="bbox 134 3934 1198 4082">
     <span class='ocr_line' id='line_1_36' title="bbox 168 3934 1198 4009; baseline -0.002 -22"><span class='ocrx_word' id='word_1_275' title='bbox 168 3935 214 4000; x_wconf 73' lang='grc'>34.</span> <span class='ocrx_word' id='word_1_276' title='bbox 224 3937 461 3992; x_wconf 79' lang='lat' dir='ltr'>Hereditateis.Vid.</span> <span class='ocrx_word' id='word_1_277' title='bbox 471 3938 572 4009; x_wconf 77' lang='lat' dir='ltr'>Captis.</span> <span class='ocrx_word' id='word_1_278' title='bbox 587 3938 638 4002; x_wconf 87' lang='lat' dir='ltr'>IV,</span> <span class='ocrx_word' id='word_1_279' title='bbox 683 3938 741 4003; x_wconf 81' lang='lat' dir='ltr'>nt,</span> <span class='ocrx_word' id='word_1_280' title='bbox 767 3938 839 4000; x_wconf 75' lang='lat'>405:</span> <span class='ocrx_word' id='word_1_281' title='bbox 858 3962 869 3983; x_wconf 82' lang='grc' dir='ltr'>ι</span> <span class='ocrx_word' id='word_1_282' title='bbox 885 3936 1007 3989; x_wconf 75' lang='lat' dir='ltr'>imbrifer</span> <span class='ocrx_word' id='word_1_283' title='bbox 1019 3952 1095 3988; x_wconf 79' lang='lat' dir='ltr'>arcus</span> <span class='ocrx_word' id='word_1_284' title='bbox 1108 3934 1198 3987; x_wconf 80' lang='lat' dir='ltr'>Pasci-</span> 
     </span>
     <span class='ocr_line' id='line_1_37' title="bbox 134 4014 1197 4082; baseline -0.006 -11"><span class='ocrx_word' id='word_1_285' title='bbox 134 4036 165 4082; x_wconf 84' lang='lat'>1,</span> <span class='ocrx_word' id='word_1_286' title='bbox 182 4018 209 4069; x_wconf 87' lang='grc'>8.</span> <span class='ocrx_word' id='word_1_287' title='bbox 226 4017 260 4070; x_wconf 89' lang='grc' dir='ltr'>Ν.</span> <span class='ocrx_word' id='word_1_288' title='bbox 683 4031 726 4071; x_wconf 89' lang='lat' dir='ltr'>tur</span> <span class='ocrx_word' id='word_1_289' title='bbox 741 4044 763 4070; x_wconf 78' lang='grc' dir='ltr'>ι.</span> <span class='ocrx_word' id='word_1_290' title='bbox 775 4017 816 4069; x_wconf 81' lang='lat' dir='ltr'>Ad</span> <span class='ocrx_word' id='word_1_291' title='bbox 831 4018 883 4070; x_wconf 89' lang='lat' dir='ltr'>boc</span> <span class='ocrx_word' id='word_1_292' title='bbox 897 4017 942 4069; x_wconf 88' lang='lat' dir='ltr'>ille</span> <span class='ocrx_word' id='word_1_293' title='bbox 954 4014 1048 4069; x_wconf 75' lang='lat' dir='ltr'>attudir</span> <span class='ocrx_word' id='word_1_294' title='bbox 1059 4014 1197 4067; x_wconf 84' lang='lat' dir='ltr'>bibentem</span> 
     </span>
    </p>
   </div>
   <div class='ocr_carea' id='block_1_6' title="bbox 170 4094 1159 4168">
    <p class='ocr_par' dir='ltr' id='par_1_20' title="bbox 170 4094 1159 4168">
     <span class='ocr_line' id='line_1_38' title="bbox 170 4094 1159 4168; baseline -0.003 -21"><span class='ocrx_word' id='word_1_295' title='bbox 170 4096 216 4166; x_wconf 80' lang='lat'>37.</span> <span class='ocrx_word' id='word_1_296' title='bbox 235 4098 297 4151; x_wconf 82' lang='lat' dir='ltr'>Hem</span> <span class='ocrx_word' id='word_1_297' title='bbox 311 4102 379 4151; x_wconf 80' lang='lat' dir='ltr'>istuc.</span> <span class='ocrx_word' id='word_1_298' title='bbox 393 4100 432 4151; x_wconf 89' lang='lat' dir='ltr'>Eu</span> <span class='ocrx_word' id='word_1_299' title='bbox 444 4098 584 4152; x_wconf 84' lang='lat' dir='ltr'>exordium</span> <span class='ocrx_word' id='word_1_300' title='bbox 595 4115 638 4151; x_wconf 87' lang='lat' dir='ltr'>su·</span> <span class='ocrx_word' id='word_1_301' title='bbox 682 4116 762 4150; x_wconf 84' lang='lat' dir='ltr'>anum</span> <span class='ocrx_word' id='word_1_302' title='bbox 777 4098 914 4151; x_wconf 82' lang='lat' dir='ltr'>incurvam</span> <span class='ocrx_word' id='word_1_303' title='bbox 929 4107 1056 4168; x_wconf 79' lang='lat' dir='ltr'>spectans</span> <span class='ocrx_word' id='word_1_304' title='bbox 1065 4094 1159 4145; x_wconf 68' lang='lat' dir='ltr'>Tune.</span> 
     </span>
    </p>
   </div>
   <div class='ocr_carea' id='block_1_7' title="bbox 0 0 1340 4792">
    <p class='ocr_par' dir='ltr' id='par_1_21' title="bbox 0 0 1340 4792">
     <span class='ocr_line' id='line_1_39' title="bbox 0 0 1340 4792; baseline 0 0"><span class='ocrx_word' id='word_1_305' title='bbox 0 0 1340 4792; x_wconf 95' lang='lat' dir='ltr'> </span> 
     </span>
    </p>
   </div>
  </div>
 </body>
</html>
