2670 4792
331 400 501 471 ACTUS
524 401 596 487 lv,
621 402 785 473 SCENA
816 406 867 471 ΙΙ.
1087 404 1133 476 35

75 521 189 591 Miseri.
206 519 268 592 Ille
283 547 374 592 nunc
390 522 484 593 laetus
499 539 570 611 est,
584 526 734 621 quisquis
748 541 811 613 est,
825 527 884 620 qui
899 525 989 599 illam
1002 529 1121 618 habet,

73 632 151 720 Quae
162 656 272 727 neque
288 631 345 703 illa
360 632 408 701 illi
421 633 606 728 quidquam
625 638 698 705 usui
710 635 767 725 ’st,
780 637 864 707 mihi
879 663 949 707 esse
967 654 1088 734 potest.

68 742 130 812 Sed
146 759 270 814 memet
288 768 414 831 moror,
435 769 538 838 quom
557 745 621 815 hoc
639 771 702 842 ago
723 748 840 816 secius.

68 853 218 942 Halisca,
235 857 300 925 hoc
318 846 399 949 age,
422 853 467 924 ad
486 870 608 924 terram
626 856 774 952 adspice,
794 872 828 926 et
844 857 992 952 dispice:
1110 883 1131 919 ι·

64 964 182 1037 Oculis
199 967 402 1062 investigans
423 980 531 1035 astute
550 991 690 1060 augura.
707 992 812 1040 esur.
831 971 937 1051 Hera.

64 1081 293 1162 mrtem,
307 1075 471 1172 quidest?
486 1101 595 1149 esaie.
616 1083 693 1149 Haec
710 1094 894 1151 estensis.
911 1079 1137 1170 Quirinius.

207 1189 301 1277 Quoi
319 1188 390 1259 liaec
406 1187 528 1259 excidit
543 1187 690 1261 cistella:

63 1299 163 1368 Certe
179 1323 296 1369 eccum
310 1298 421 1369 locum
438 1299 571 1393 signat,
584 1300 643 1369 ubi
660 1326 699 1370 ea
708 1299 840 1370 excidit.
853 1325 964 1373 ensa.
976 1299 1136 1396 Adparet.

68 1433 151 1480 nse.
168 1409 237 1480 Sed
253 1410 281 1480 is
294 1409 357 1479 hac
372 1410 428 1497 iit;
441 1409 504 1479 hac
518 1410 606 1480 socci
623 1411 720 1481 video
738 1406 913 1504 vestigium

61 1524 104 1590 In
116 1518 275 1614 pulvere3
288 1545 470 1615 persequar
484 1521 580 1591 hac...
596 1521 631 1590 in
646 1521 711 1591 hoc
724 1521 794 1617 jam
811 1519 888 1592 loco
902 1544 980 1590 cum
993 1518 1099 1590 altero
1113 1539 1140 1579 ³·

59 1632 256 1702 Constitit...
272 1631 346 1700 heic
363 1632 445 1701 meis
462 1630 563 1700 turbo
578 1629 685 1702 oculis
704 1631 805 1701 modo
822 1655 857 1699 se
872 1630 1016 1724 objecit:

60 1744 178 1836 Neque
191 1765 347 1836 prorsum
357 1740 537 1813 iniithac...
550 1741 625 1810 heic
639 1744 747 1829 stetit3
762 1742 841 1810 hinc
855 1739 936 1813 illuc
945 1741 1044 1828 exiit,
1064 1738 1138 1810 heic

61 1848 254 1922 Concilium
268 1851 331 1921 fuit
347 1877 356 1920 ε
375 1851 418 1920 ad
432 1851 515 1920 duos
530 1851 658 1922 adtinet
672 1849 679 1921 l
695 1853 731 1921 hi
749 1853 807 1946 qui
823 1853 924 1922 sunt?

59 1963 157 2047 Atat,
183 1958 355 2056 singulum
374 1960 471 2031 video
490 1962 690 2057 vestigium:
709 1962 768 2031 sed
785 1964 811 2031 is
828 1963 891 2031 hac
909 1963 1002 2031 abiit.
1078 1959 1082 1972 ’

59 2069 348 2165 Contemplabor:
367 2071 446 2142 hinc
464 2071 530 2142 huc
548 2073 623 2142 iit...
640 2071 721 2141 hinc
739 2097 905 2165 nusquam
922 2072 1018 2141 abiit.
1110 2098 1134 2136 ιε

63 2186 186 2252 Actam
204 2208 276 2253 rem
295 2208 382 2277 ago:
402 2183 496 2277 quod
513 2184 632 2278 periit,
655 2183 783 2279 periit:
805 2208 917 2252 meum
937 2182 1067 2252 corium

58 2293 150 2361 Cum
173 2291 299 2363 cistella
317 2278 445 2387 :redeo
467 2295 568 2363 intro.
591 2317 700 2363 rusa.
718 2292 852 2380 Mulier,
872 2318 991 2363 manet
1011 2308 1089 2362 sunt

58 2402 131 2490 Qui
149 2400 269 2474 velunt
289 2418 322 2472 te
344 2418 556 2474 conventam.
574 2427 660 2473 use.
681 2403 768 2490 Quis
784 2429 837 2473 me
856 2402 1011 2473 revocat?

61 2535 174 2585 usur.
189 2517 283 2585 Bona
297 2511 422 2584 semina
436 2528 470 2584 et
483 2513 592 2585 malus
608 2513 776 2583 masculus
792 2513 912 2585 volunt
930 2529 972 2585 te.

96 2637 140 2688 ¹6.
153 2640 259 2700 Asines,
273 2636 391 2701 solerter,
406 2637 481 2690 scite.
497 2637 575 2690 N.-
655 2634 699 2701 34.
708 2638 843 2706 Singulari.
857 2639 898 2691 An
907 2656 957 2707 pro
963 2641 1112 2707 singulorum
1120 2648 1133 2689 .³

58 2719 176 2784 Augure,
185 2715 288 2788 conjice
295 2716 475 2770 exobservatis
482 2716 575 2789 signis,
619 2714 687 2768 Nam
701 2728 779 2788 negat
797 2717 892 2770 Lamb.
912 2736 974 2772 cum
990 2718 1073 2772 Prisc.
1085 2723 1134 2771 είκ-

59 2805 92 2847 ut
104 2813 224 2866 augures.
237 2795 271 2848 N.
617 2799 702 2864 guium
716 2814 829 2850 numero
839 2797 968 2868 singulari
977 2810 1135 2869 usurpatum

97 2892 140 2944 ²7·
152 2878 233 2941 Quis?
242 2875 305 2948 Sup.
320 2875 358 2938 11,
369 2876 401 2938 3,
413 2878 458 2930 66.
469 2875 505 2930 N.
620 2874 778 2947 antiquitus.
799 2876 933 2948 Scriptum
952 2877 1032 2948 igitur
1054 2897 1135 2950 opor·

97 2954 141 3007 ¹8.
166 2959 302 3025 Adparet,
321 2957 492 3010 manifestum
524 2957 575 3009 hoe
619 2953 671 3006 tuit
681 2958 795 3023 vestigia.
806 2954 861 3009 Sed
877 2956 1016 3009 retinenda
1029 2958 1133 3027 vulgata

58 3046 108 3087 ert.
121 3035 156 3088 N.
497 3059 499 3063 v
619 3033 709 3096 lectio,
724 3052 757 3086 eo
767 3052 846 3087 sensu
857 3035 957 3086 «unius
967 3035 1107 3106 vestigium
1113 3063 1134 3089 n.

97 3133 140 3182 ²9·
150 3117 230 3166 Sedis
243 3116 303 3176 hac,
312 3127 364 3168 etc.
375 3113 443 3167 Hinc
451 3113 487 3166 ad
496 3133 520 3167 v.
529 3114 574 3180 35,
618 3112 789 3179 Quidi’Licet
795 3113 966 3186 pronuntiare
974 3115 1081 3186 antiqua
1090 3115 1134 3168 illa

56 3195 144 3247 oratio
152 3196 240 3268 pergit
245 3195 430 3267 Halisce,qure
440 3207 493 3248 tota
501 3195 574 3248 estin
619 3205 695 3245 etate
703 3192 806 3265 aliquid
816 3211 955 3263 nunquam
965 3207 1133 3266 usurpatum,

59 3276 225 3347 queritando
247 3294 335 3350 neque
359 3275 575 3348 supervenientes
618 3273 1132 3346 cujusrcriptalereomniaperierintiN.

57 3354 302 3409 andiitNerissima
314 3375 377 3409 sane
386 3356 486 3408 elllctio
496 3354 575 3426 trepi·
655 3353 698 3406 36.
710 3358 798 3404 Aetam
813 3373 864 3404 rem
875 3373 932 3421 ago.
942 3352 976 3407 ld
988 3365 1036 3418 est,
1050 3354 1134 3407 incas·

59 3433 151 3487 dantis
163 3435 228 3489 hinc
247 3435 321 3488 illinc
336 3436 442 3508 vestigia
459 3434 575 3506 depren·
618 3451 678 3484 sum
695 3431 797 3486 laboro.
814 3432 848 3485 V.
862 3430 982 3506 N.Epid.
994 3433 1082 3494 actv,
1094 3452 1133 3485 sc⁴

56 3511 131 3567 dere.
143 3515 178 3569 N.
187 3519 309 3569 -Soesi
329 3515 420 3568 Soccis
431 3514 505 3567 enim
518 3527 576 3567 ute·
622 3530 647 3567 s.
660 3512 769 3565 Terent.
782 3510 899 3583 Adelph.
919 3523 969 3565 act.
982 3511 1040 3574 111,
1052 3529 1089 3563 sc.
1104 3530 1136 3572 a,

56 3593 159 3647 bantur
171 3596 269 3648 comici
282 3608 393 3648 actores.
406 3595 498 3647 Laus.
621 3606 704 3642 actum
713 3605 761 3652 est,
777 3589 811 3643 ad
828 3588 902 3661 quod
917 3591 1014 3642 Donet.
1027 3588 1135 3641 «Verba

96 3675 138 3728 31.
161 3679 250 3727 Turbo.
268 3674 363 3727 Turbo
376 3674 404 3726 in
416 3691 497 3726 arena
515 3670 578 3725 inde
622 3681 684 3721 sunt
696 3669 897 3742 desperationis.
907 3669 975 3722 Nam
989 3679 1078 3720 actum
1089 3681 1137 3729 est,

57 3764 115 3816 est,
129 3753 204 3825 quod
226 3772 315 3826 neque
336 3771 448 3826 prorsus
467 3753 518 3805 hac
531 3752 577 3813 iit;
622 3747 717 3802 dicitur
730 3749 758 3801 in
768 3767 799 3801 ea
813 3767 857 3813 re,
871 3747 905 3801 de
914 3765 967 3821 qua
974 3747 1093 3818 jamlata
1104 3748 1137 3801 sit

57 3844 86 3887 et
101 3852 165 3886 mox
183 3833 268 3897 stetit,
286 3851 349 3886 mox
366 3834 440 3886 exiit.
453 3833 518 3885 llaec
530 3849 578 3883 au·
621 3827 777 3881 sententia».
790 3828 918 3881 Gronov.
930 3856 964 3868 -·
973 3828 1059 3879 Panis.
1069 3827 1134 3900 Sup.

55 3923 113 3964 tem
125 3913 216 3966 omnin
226 3925 288 3967 sunt
300 3925 392 3984 gestus
402 3923 483 3984 etque
494 3910 578 3966 actio·
625 3910 666 3961 16.
677 3908 778 3960 Forsan
798 3907 854 3960 hec
867 3908 918 3960 luit
935 3906 1021 3959 oratio
1032 3924 1039 3959 :
1049 3918 1136 3960 actam

58 3990 111 4044 ute
124 3993 236 4046 Prsroa.
619 4004 675 4039 rem
689 4005 757 4059 ago,
770 4005 830 4058 qun
843 3985 941 4059 periit;
955 3985 1034 4056 periit
1047 4004 1137 4040 meum

98 4068 576 4142 33.Conci1iumfuir.Congressusplu·
621 4085 645 4119 e.
661 4084 686 4118 c.
699 4085 723 4120 c.
739 4064 772 4116 N.

58 4149 139 4203 rium.
152 4150 259 4202 Prsroa.
657 4147 699 4212 39.
718 4151 805 4207 Bona,
823 4144 945 4197 honesta.
964 4176 996 4187 —
1013 4150 1045 4197 Er
1058 4151 1137 4199 malus

980 4237 1011 4303 [t.
