2670 4792
379 382 548 451 actus
573 386 609 466 1,
633 381 796 452 SCENA
821 382 848 449 1.
1100 392 1147 482 49

82 528 202 575 Portu.
217 502 377 575 caruitne
392 501 493 571 febris
507 517 539 571 te
552 503 644 589 heri,
658 502 709 571 vel
727 502 848 573 nudius
866 505 1005 576 tertius?

81 619 127 685 Et
146 616 218 684 heri
237 614 475 685 coenavistine?
493 638 632 684 runnu.
649 614 833 685 Deridesne
851 616 928 685 me?
956 686 960 691 ,

82 749 204 795 pantu.
225 724 318 813 Quid
336 738 373 792 tu
391 749 489 819 ergo,
509 724 640 811 insane,
662 725 804 819 rogitas,
823 724 973 797 valeatne
986 731 1131 801 ostium?

84 860 227 905 ennon.
238 833 471 905 Bellissumurn
482 888 492 917 ,
502 832 632 921 hercle,
647 835 714 904 vidi
728 850 762 904 et
778 837 1097 909 taciturnissumum.
1128 873 1152 898 ..

84 949 268 1041 Nunquam
282 944 386 1015 ullum
406 944 544 1013 verbum
563 945 665 1013 mutit
683 971 690 1012 :
709 969 812 1039 quom
830 947 990 1041 aperitur,
1007 963 1112 1039 tacet;

83 1057 266 1151 Quomque
283 1053 339 1124 illa
357 1069 460 1124 noctu
478 1053 669 1125 clanculum
684 1054 726 1123 ad
745 1081 797 1124 me
815 1057 900 1144 exit,
918 1072 1016 1128 tacet.

85 1192 203 1239 namu.
249 1166 420 1261 Numquid
446 1181 503 1251 tu,
545 1166 637 1261 quod
670 1181 703 1235 te
740 1181 798 1235 eut
829 1191 950 1261 genere
977 1169 1153 1265 indignum

234 1292 277 1345 sit
304 1292 382 1361 tuo,

84 1389 200 1475 Facis,
217 1402 276 1457 aut
294 1388 442 1481 inceptas
464 1386 594 1455 lacinus
614 1385 745 1472 facere,
761 1386 979 1458 Phoedrome?

83 1501 177 1570 Num
197 1513 235 1568 tu
253 1497 569 1593 pudicequoipiam
589 1495 727 1565 insidias
746 1493 854 1566 locas?
1133 1520 1157 1558 ‚⁵

84 1613 155 1679 Aut
173 1633 274 1703 quam
294 1607 448 1703 pudicam
470 1620 603 1700 oportet
618 1605 709 1675 esse?
728 1629 869 1675 ennon.
888 1607 1032 1677 Nemini.

84 1724 156 1792 Nec
175 1743 228 1787 me
244 1716 301 1786 ille
322 1717 395 1786 sirit
411 1717 554 1811 Jupiter.
571 1740 687 1787 rimu.
705 1720 777 1810 Ego
797 1717 876 1784 item
896 1715 982 1785 volo.

84 1832 137 1899 Ita
156 1843 253 1897 tuum
270 1826 419 1895 conferto
437 1850 550 1895 amare
570 1851 710 1920 semper,
727 1825 753 1894 si
771 1826 874 1920 sapis,

85 1942 139 2011 Ne
155 1938 192 2008 id
211 1937 302 2033 quod
317 1963 425 2024 ames,
442 1935 585 2031 populus
601 1938 628 2005 si
645 1938 744 2021 sciat,
761 1936 821 2004 tibi
842 1938 885 2005 sit
901 1938 1036 2031 probro.

86 2049 228 2142 Semper
246 2063 362 2117 curato
380 2072 423 2115 ue
439 2048 482 2115 sis
502 2046 719 2115 intestabilis:
1132 2072 1157 2110 ³.

88 2157 191 2246 Quod
209 2182 320 2242 amas,
339 2172 450 2225 amato
469 2157 610 2226 testibus
630 2156 857 2251 presentibus.

88 2292 226 2339 ennon.
246 2267 338 2357 Quid
357 2267 442 2336 istuc
456 2282 505 2336 est
521 2267 615 2335 verbi
625 2265 639 2333 Ρ
651 2290 767 2336 nnnrn.
783 2268 890 2336 Caute
903 2266 1083 2337 utincedas
1094 2272 1156 2339 via.

91 2438 604 2512 1173:·Atlacrumansexelusuouma·
646 2454 736 2499 neree,
755 2447 784 2488 ut
801 2437 888 2506 janum
909 2435 966 2491 eine
983 2436 1097 2493 stridore
1110 2458 1158 2512 pa·

88 2519 237 2573 melimine
255 2535 325 2589 eaepc
347 2518 470 2571 Floribus
486 2530 512 2570 et
526 2517 602 2571 sertis
647 2527 726 2569 teant.
739 2516 832 2569 Luxu.

87 2600 192 2672 operit,
213 2610 353 2670 pontesque
376 2598 503 2667 superbos
517 2598 603 2667 Ungit
688 2615 734 2649 n.
746 2596 811 2660 Illa,
824 2613 904 2667 quem
918 2609 1035 2652 amantea
1055 2600 1157 2655 iutelli-

86 2678 238 2735 ameracino
253 2691 280 2731 et
295 2677 397 2730 loribus
416 2677 496 2730 miser
511 2677 600 2730 orcula
643 2689 710 2746 gunt
724 2675 926 2728 innominatum.
941 2676 976 2731 N.

87 2759 179 2832 figit».
195 2758 230 2812 Ν.
687 2756 739 2820 25,
756 2759 801 2809 26.
821 2755 929 2809 Pudicoe.
945 2793 953 2808 .
966 2758 1037 2810 ..dut
1046 2778 1117 2830 quant
1128 2780 1158 2832 p.

131 2857 177 2910 ¹7·
192 2838 316 2898 caruitne,
327 2837 429 2889 inversa
439 2836 538 2900 oratio,
550 2856 600 2908 pro
644 2854 683 2905 op.
693 2856 714 2888 e.
724 2835 766 2889 Sc.
776 2835 885 2906 virgini,
893 2835 936 2887 vel
944 2849 1051 2908 nupta,
1062 2840 1104 2892 vel
1116 2840 1155 2894 vi·

91 2912 327 2973 muistin’teb„
337 2916 471 2982 Quoniam
478 2916 600 2970 hominen
644 2912 714 2968 duae.
729 2914 801 2968 Vide
815 2916 864 2968 int.
879 2916 925 2985 37.
941 2916 975 2969 N.

88 3017 120 3052 ex
136 2999 211 3052 febre
225 3010 311 3050 auten
324 2996 405 3068 longo
420 2995 520 3068 jejunio
533 2994 601 3049 deli·
686 3014 731 3065 ²7·
751 2995 831 3059 Volo,
842 2996 936 3065 cupio,
949 3007 1026 3066 opto.
1036 2996 1077 3050 Cl'.
1088 2997 1157 3051 Mer·

88 3097 146 3132 rere
155 3075 343 3141 interdum,et
352 3076 448 3128 mentis
454 3094 545 3129 errore
555 3075 599 3130 ad·
644 3087 693 3127 cat.
703 3076 745 3137 11,
760 3074 793 3139 3,
807 3074 842 3139 34
852 3074 942 3137 ;Triu.
954 3076 996 3139 11,
1007 3081 1035 3139 4,
1046 3078 1109 3148 ¹7⁵·
1120 3078 1155 3132 N.

90 3158 251 3222 detentere,
267 3156 370 3210 idcirco
393 3156 539 3227 interrogat
553 3157 601 3209 he·
689 3157 734 3207 28.
751 3155 828 3207 Tuum
848 3173 937 3205 amare.
955 3154 997 3207 Cf.
1014 3157 1159 3226 Bucch.1,

88 3257 149 3290 rum
160 3255 267 3301 servus,
281 3235 431 3290 caruerime
450 3235 524 3288 lehre
538 3254 602 3306 pro·
649 3252 679 3297 a,
697 3234 742 3286 50.
763 3234 799 3287 N.

87 3318 194 3369 :imum
215 3315 344 3380 biduum,
365 3327 392 3367 et
413 3332 479 3367 uum
494 3334 602 3387 vespere
689 3332 734 3382 ²9·
751 3314 873 3385 Populus,
889 3313 907 3367 i.
928 3333 955 3386 q.
976 3334 1098 3371 sermone
1114 3339 1157 3373 re·

88 3395 251 3451 conaverit?
264 3393 416 3448 Videbatur
428 3395 501 3447 enirn
518 3397 543 3448 ei
554 3393 602 3448 de·
646 3395 796 3446 centiorrnn
817 3392 948 3464 lepnblic,
968 3398 1098 3451 tenende.
1112 3400 1157 3454 Cf.

88 3477 183 3539 lirare,
194 3476 241 3546 qui
250 3475 344 3528 talibus
353 3474 440 3527 verbis
450 3474 516 3527 ostio
525 3476 601 3527 blan·
647 3473 734 3526 Casio.
748 3474 817 3543 prol.
836 3491 881 3526 rr.
894 3475 928 3527 N.

89 3555 203 3609 diretur.
221 3556 436 3608 Murum-Au
459 3555 547 3626 potius
562 3557 602 3626 ju·
688 3554 734 3608 30.
756 3552 912 3607 intestabilis.
933 3554 973 3607 Ne
994 3557 1029 3608 eis
1042 3556 1156 3612 infamiae

90 3654 169 3688 uuam
193 3648 218 3688 et
243 3636 300 3706 ipse
320 3633 465 3704 alloquitur
485 3633 602 3687 ridicule
646 3645 709 3684 nota
723 3633 838 3698 inustus,
855 3652 941 3703 neque
959 3636 1064 3689 amittae
1086 3640 1158 3691 teeti·

90 3715 246 3768 continuata
276 3713 335 3767 heri
371 3713 602 3784 compellatione?
647 3712 730 3764 uronii
752 3712 859 3764 dicendi
880 3726 1048 3785 potestatem.
1066 3716 1156 3773 Lurn.

91 3794 171 3858 Quod
190 3794 272 3864 magio
296 3793 428 3846 comicum
451 3790 557 3858 videtne
578 3806 603 3846 et
646 3793 836 3845 —lloovere
854 3805 880 3845 et
894 3807 1034 3863 sequente,
1056 3795 1157 3851 ridicu-

92 3874 174 3943 mugir
191 3886 401 3926 cousentaneum
414 3874 597 3943 sequentibus,
647 3872 703 3923 lum
730 3872 757 3924 in
783 3871 893 3924 modum
919 3874 1007 3925 verbis
1028 3876 1157 3949 ambignin

98 3976 109 3998 ι
119 3950 259 4005 deridesne
272 3971 316 4005 me
328 3952 339 4004 i
350 3978 361 3998 ι
378 3951 412 4004 Ν.
648 3949 840 4005 adolescentem
854 3971 959 4024 quoque
968 3967 1069 4016 monet,
1079 3970 1110 4010 nt
1118 3977 1159 4011 ec·

135 4032 524 4087 ao.Tuettnrnissunun.Votum
537 4050 607 4085 ama·
649 4045 708 4085 veet
723 4052 739 4085 a
752 4031 885 4102 periculo,
902 4030 976 4101 quod
994 4035 1088 4089 moechi
1101 4037 1157 4092 adi·

94 4123 184 4164 torum
195 4149 202 4177 ,
212 4112 260 4183 qui
270 4111 395 4167 difficiles
405 4123 537 4166 ecctcutur
551 4113 606 4165 Ve·
649 4110 722 4164 baut.
741 4112 783 4164 Cf.
797 4111 853 4164 Mil.
870 4111 937 4181 glor.
950 4112 986 4178 V,
999 4131 1027 4177 1,
1039 4115 1087 4169 33.
1104 4118 1139 4171 Ν.

193 4204 243 4269 11.
1017 4205 1038 4289 4
