2670 4792
137 397 180 476 b.
309 378 679 477 crsrnunnnm,
704 397 813 465 scr.
835 397 879 475 v,
907 395 975 463 sc.
1003 397 1029 461 t.

505 620 841 713 CATERVA.

131 852 183 921 Ne
200 851 410 947 exspectetis,
426 864 649 945 spectatores,
667 849 746 920 dum
764 847 811 918 illi
828 850 896 919 huc
911 848 954 918 ud
969 866 1178 937 umescant,

131 962 241 1031 Nemo
259 961 382 1047 exibit;
404 962 534 1031 omneis
556 962 647 1031 intus
662 961 842 1031 conficient
859 961 1043 1056 negotium.

131 1070 199 1140 Ubi
216 1070 251 1139 id
266 1072 330 1141 erit
352 1070 497 1156 factum,
518 1087 715 1142 ornamenta
737 1085 887 1165 ponent:
908 1070 1060 1164 postidea
1080 1070 1165 1156 loci,
1228 1153 1231 1158 Ι

62 1164 67 1175 ⁸
130 1181 201 1272 Qui
218 1180 376 1276 deliquit,
398 1181 589 1276 vapulabit,
609 1183 668 1276 qui
695 1207 763 1251 non
781 1180 941 1277 deliquit,
962 1181 1065 1250 bibet.

129 1293 228 1362 Nunc
242 1292 333 1387 quod
347 1292 390 1361 ad
407 1317 466 1362 vos
482 1307 703 1387 spectatores,
719 1293 884 1388 reliquom
901 1290 1112 1386 relinquitur,
1191 1310 1201 1349 ⁵

130 1405 228 1473 More
246 1404 410 1496 majorum
430 1402 506 1473 dute
524 1401 678 1499 plausum
701 1418 869 1498 postrema
892 1404 927 1472 in
951 1400 1126 1503 comoedia.

170 1611 193 1645 r.
206 1597 244 1644 Ne
256 1595 411 1660 exspectetis,
421 1605 473 1646 etc.
483 1594 546 1646 Ter.
559 1592 641 1648 Andr.
687 1594 781 1648 Cicero
792 1595 819 1649 iu
830 1606 896 1648 oret.
905 1613 954 1666 pro
964 1593 1061 1647 Roscio
1071 1593 1133 1666 agit,
1147 1611 1202 1647 nou

130 1674 157 1725 in
169 1672 222 1726 line
232 1686 240 1721 τ
250 1690 302 1725 ene
311 1673 465 1744 exspectetis
475 1672 540 1727 dum
551 1687 643 1728 exeunt
686 1673 744 1728 sine
754 1676 891 1728 ulmorum
905 1672 1087 1726 admonitione
1098 1691 1130 1726 ex
1145 1671 1203 1726 ine·

130 1751 206 1816 hnc;
228 1751 300 1806 intus
314 1751 525 1825 despondebitur
539 1774 547 1817 ς
568 1758 643 1809 Intus
687 1767 737 1827 pto
748 1754 876 1825 optimus,
889 1753 996 1826 opinor,
1009 1764 1139 1807 cresunt.
1150 1751 1185 1804 N.

130 1832 302 1904 transigetur.
313 1833 335 1887 si
346 1832 411 1906 qnid
421 1834 542 1907 estquod
551 1848 642 1890 restet.
723 1837 748 1887 6.
762 1840 898 1885 Postrema.
915 1841 947 1886 Iu
970 1845 1089 1886 extremo
1102 1851 1202 1885 comm·

130 1911 251 1965 Plaudite
259 1939 281 1965 ιι.
289 1913 323 1966 Ν.
687 1912 743 1966 dite.
757 1914 797 1966 Its
810 1912 905 1965 Manit.
927 1913 975 1967 lib.
993 1914 1046 1976 lt,
1062 1913 1204 1966 «Ultimus

158 1990 190 2046 ’3.
203 1998 364 2046 Ornamentis.
376 1992 453 2048 conf.
463 1995 562 2066 Amph.
575 1996 642 2066 prol.
687 2013 721 2047 ex
731 1993 817 2046 solido
837 2005 937 2045 tetram
947 2017 957 2040 ι
968 2032 977 2060 ‚
988 1993 1017 2046 id
1036 2007 1092 2055 est,
1107 1992 1203 2046 ultimo

132 2075 190 2127 116.
206 2076 320 2126 Postidea
331 2076 389 2125 loci.
398 2076 486 2126 Locus
496 2072 531 2126 nd
539 2087 643 2146 tempus
687 2092 749 2144 pers
762 2071 896 2138 tetrantis,
908 2085 959 2126 etc.
970 2071 1108 2144 quomodo
1118 2071 1203 2125 Jcsue

130 2152 255 2205 refertur.
287 2152 332 2206 sic
356 2152 469 2207 «adhuc
498 2154 641 2207 locorum·
687 2150 1203 2224 «primum,secuudumedictums,boc

129 2233 207 2303 capt.
218 2232 340 2297 11‚t,25
350 2245 446 2304 ,epost
463 2232 492 2286 id
502 2233 641 2288 locorum»
685 2243 739 2296 est,
752 2233 864 2302 primum
875 2229 1018 2285 secundem
1033 2240 1135 2303 partem
1147 2228 1203 2282 edi·

130 2311 217 2365 Ctsin.
228 2311 254 2372 1,
268 2329 280 2363 1
292 2348 300 2374 ,
312 2313 356 2364 32.
368 2312 402 2364 N.
686 2310 730 2365 cti.
745 2311 788 2364 Sic
800 2312 909 2364 Terent.
926 2310 1037 2382 Adelph,
1049 2309 1118 2383 prol.
1130 2311 1202 2380 «pri-

164 2395 190 2452 4.
205 2393 256 2457 Qui
265 2394 382 2459 deliquit,
396 2397 484 2456 vaput.
499 2392 643 2448 Histrioues
687 2410 757 2443 maus
771 2391 916 2444 Fabulam·
937 2409 989 2462 pro
1006 2389 1141 2462 principio
1154 2389 1202 2442 Fe·

129 2467 184 2523 iere
197 2487 291 2523 omues
299 2470 366 2522 servi
377 2469 536 2524 conductitii
546 2489 553 2534 ;
564 2473 641 2544 quisi
687 2470 756 2523 bulso
770 2469 856 2523 dixit:
872 2468 992 2529 Catullus
1011 2474 1144 2541 «primum
1159 2467 1201 2522 di·

128 2546 342 2610 exsibilarentur,
350 2562 467 2621 quaestns
476 2548 591 2604 dominis
601 2569 643 2623 pe
686 2552 772 2621 gitum
781 2575 810 2616 ι,
823 2563 850 2604 et
862 2551 1028 2623 Propettius,
1039 2549 1085 2601 lib.
1094 2550 1137 2613 Π,
1160 2548 1201 2610 ι8,

128 2628 199 2681 ribut
209 2647 217 2681 ε
228 2626 291 2681 inde
305 2630 404 2683 melum
415 2629 641 2702 delinquentibus.
688 2631 805 2701 «primas
823 2631 925 2703 palmus
935 2659 959 2693 n,
972 2648 1023 2704 pro
1036 2628 1202 2703 primoribus

130 2705 171 2760 cf.
185 2707 256 2761 Asin.
267 2709 338 2780 prol.
355 2708 381 2764 3.
395 2709 462 2762 Eros
472 2708 531 2771 ille,
544 2709 641 2782 dequo
686 2710 785 2784 digitis.
797 2710 911 2765 Scuto.

412 3034 457 3043 --ι
471 3019 916 3058 -ψωοω-ψω
