2670 4792
138 411 183 456 na
487 385 858 475 etstssuueutu,

133 509 200 581 Abi
218 532 386 605 querere,
407 507 468 579 ubi
477 507 626 606 jurando
640 523 701 580 tuo
713 508 793 581 eatis
809 508 853 581 ait
868 507 1021 580 subsidit

133 618 217 691 Heio
234 619 326 716 apud
342 644 405 690 nos
419 620 508 716 jam,
529 618 790 708 Alcesimarcho,
808 619 1000 716 confregisti
1021 630 1193 691 tesseram.

137 752 252 801 tuctu.
275 733 359 800 Face
377 727 476 798 semei
499 730 695 826 periculum.
718 748 801 803 atat.
820 734 915 826 sepe
935 730 1019 818 feci,
1039 730 1130 825 quod
1152 731 1203 802 fa·

278 857 370 910 ctum
388 867 519 936 queror.

133 974 251 1024 encas.
266 953 381 1024 Redde
396 954 477 1022 mihi
496 952 599 1024 iiiam.
618 978 702 1024 mat.
724 957 816 1024 Inter
829 976 953 1023 novam
972 976 1042 1022 rem
1060 955 1203 1023 verbum

278 1065 448 1160 usurpabo
468 1079 587 1135 vetus:

133 1173 237 1266 Quod
259 1174 355 1261 dedi,
379 1176 494 1245 datum
517 1202 586 1246 non
605 1173 742 1263 vellem3
768 1171 858 1269 quod
878 1171 1112 1268 reliquom’et,
1133 1198 1204 1243 non

279 1285 377 1356 dubo.
1175 1304 1205 1344 ss

134 1418 253 1466 aucas.
278 1397 355 1467 Non
380 1396 557 1466 remissura
578 1421 613 1466 es
633 1394 716 1464 mihi
738 1392 853 1464 illam?
878 1418 963 1465 stau.
986 1397 1124 1465 Prome
1150 1420 1205 1463 re·

278 1532 400 1602 sponsa
418 1507 490 1576 tibi.

133 1638 250 1687 Aucus.
272 1619 349 1689 Non
371 1617 541 1686 remittes?
555 1640 641 1686 unt..
655 1617 726 1686 Scis
735 1612 933 1711 jamdudum
948 1637 1081 1682 omnem
1095 1637 1205 1681 meam

280 1728 489 1796 sententiam.

134 1858 250 1907 tuctu.
270 1837 375 1909 Satiu’
393 1839 455 1908 tibi
480 1839 567 1908 istuc
584 1838 619 1906 in
638 1835 739 1907 corde
753 1851 882 1906 certum
897 1835 962 1907 ’st?
998 1860 1082 1905 unu.
1108 1833 1205 1924 Quin

279 1974 343 2044 ego
361 1965 559 2021 conmentcr
579 1949 738 2047 quidem:

170 2136 213 2188 26.
236 2137 415 2205 Ubijurandc,
433 2150 484 2191 etc.
499 2136 554 2190 Ubi
567 2146 644 2191 tuum
691 2152 757 2207 opus
777 2144 816 2186 eet
838 2150 881 2184 me
898 2129 986 2185 dicere
1006 2148 1060 2184 nou
1081 2128 1206 2183 remman·

131 2214 318 2287 jusjurandum
332 2217 414 2286 possit
429 2216 588 2282 consistere,
600 2236 645 2270 ex·
691 2233 765 2278 rum,
777 2232 860 2285 quum
868 2223 897 2264 tu
908 2210 965 2283 ipse
975 2208 1071 2263 dixerit
1084 2209 1136 2272 tric
1148 2228 1206 2263 ver·

113 2292 250 2364 ,cipiatnr
260 2293 358 2348 scilicet
372 2295 479 2349 fiducia.
491 2295 525 2349 N.
691 2311 723 2346 tu
741 2292 869 2364 equenti.
887 2290 1029 2344 Geminum
1050 2288 1132 2360 plene
1149 2288 1205 2355 ilii,

170 2391 212 2443 ²7·
236 2375 378 2443 confregisti
386 2392 509 2427 tesseram.
524 2374 646 2445 Hospitio
692 2373 765 2447 quod
774 2374 802 2427 in
815 2372 896 2425 nome
911 2372 1028 2426 titerim
1043 2370 1086 2423 Tu
1103 2367 1171 2423 dicit
1183 2393 1206 2421 ι.

134 2471 167 2505 ex
186 2452 297 2506 diversit
312 2454 423 2509 urbibus
434 2457 504 2507 inter
520 2474 547 2507 se
558 2454 646 2526 juncti
692 2453 804 2506 Scione.
818 2482 849 2492 -
863 2457 912 2503 Pro
922 2469 961 2502 me
976 2468 1101 2517 responsa.
1117 2446 1207 2513 Quid·

134 2530 376 2586 hebebantteseerte
390 2534 418 2586 in
425 2532 646 2606 duodiriaaepar·
692 2530 756 2604 quid
775 2540 939 2603 repugnent,
957 2541 1029 2583 certe
1041 2526 1206 2600 Scioppius,

134 2620 188 2663 tem
200 2610 312 2682 quisque
322 2631 409 2678 auum,
424 2612 495 2666 unde
509 2631 648 2666 nosceren-
693 2631 829 2678 responsat.
842 2611 886 2664 stc
896 2611 963 2663 infra
974 2609 1026 2675 IV,
1039 2629 1067 2662 a:
1078 2634 1089 2653 ι
1097 2607 1206 2661 Hiociue

134 2689 647 2762 turvelipei,veltui.Haeovocabantur
693 2703 721 2743 tu
745 2708 807 2762 ergo
832 2688 1012 2743 hubitasiru.
1033 2688 1205 2741 Hariolaren.

133 2786 240 2841 quoque
250 2771 379 2844 symbola.
389 2772 587 2845 «confringere
600 2784 649 2826 tet·
693 2770 796 2825 Asines.
820 2770 884 2831 111,
904 2789 934 2823 s:
948 2796 959 2817 ι
975 2768 1085 2844 Argenti
1109 2764 1205 2841 viginti

132 2865 218 2901 terem
231 2872 244 2895 ι
264 2862 321 2903 erat
333 2851 376 2922 jue
395 2850 504 2921 hospitii
524 2869 648 2922 rumpere
693 2850 779 2904 minat
799 2848 932 2903 habesue?
961 2868 1007 2903 u.
1030 2849 1204 2902 Hariolum».

134 2939 161 2981 et
172 2927 298 3000 perdere,
309 2941 336 2982 et
346 2928 506 2983 indetralato
518 2949 597 2985 sensu
606 2949 648 2984 eo·
691 2928 764 2983 Talia
778 2942 856 2993 tunt,
870 2928 983 2993 Catina,
996 2930 1033 2992 V,
1049 2947 1100 2981 ιε·
1112 2927 1206 2981 Timet

135 3004 260 3061 cietatem
273 3007 428 3080 quamlibet.
441 3008 473 3060 N.
691 3022 804 3062 ecettcr.
837 3028 874 3062 er.
911 3006 1023 3081 Egone?
1052 3026 1095 3060 οι..
1125 3005 1206 3059 Haud

168 3103 213 3154 ²9·
227 3092 463 3149 Internumetc.
472 3113 485 3134 ι
497 3088 582 3141 Vetus
593 3106 647 3140 ver·
691 3088 806 3141 mentire
830 3088 919 3141 hercle
929 3113 950 3140 ·.
979 3084 1075 3141 Pseud.
1100 3086 1145 3149 ss,
1170 3106 1203 3140 a:

132 3165 218 3219 hum·
231 3202 239 3229 ,
254 3166 401 3222 Latinieett
420 3168 491 3221 idem
508 3166 581 3239 quod
599 3168 646 3221 tri·
690 3168 797 3234 uQursi
808 3180 837 3220 tu
849 3167 923 3222 dicus
936 3186 979 3221 me
992 3178 1018 3221 te
1027 3167 1096 3220 nette
1110 3184 1206 3237 argeu-

133 3259 190 3300 tum
203 3249 383 3319 proverbium.
398 3249 431 3302 Et
445 3248 596 3300 verosimile
606 3261 645 3300 oet
691 3262 720 3302 to
742 3246 965 3301 circumducere?
988 3264 1033 3300 aa.
1057 3247 1117 3297 Into
1139 3264 1207 3299 vero

133 3325 162 3378 iu
176 3344 224 3378 ore
235 3327 280 3381 vul
301 3326 451 3401 incoeptam
466 3327 529 3378 olim
542 3339 567 3379 et
581 3338 645 3380 tuno
691 3328 764 3399 qunti
779 3342 807 3380 tu
818 3327 890 3380 dicas
899 3366 905 3386 ‚
914 3327 1045 3400 quasique
1055 3344 1105 3397 ego
1115 3335 1204 3377 autem

133 3404 261 3477 temporie
271 3346 378 3459 ‹ficendi
393 3405 536 3459 formulam
548 3406 644 3458 fuisse:
690 3406 718 3459 id
732 3406 887 3479 μυρίκης
898 3420 924 3459 et
934 3419 984 3460 art.
1000 3406 1050 3468 lV,
1061 3422 1092 3475 7:
1106 3429 1120 3451 ι
1134 3415 1160 3457 te
1170 3404 1205 3458 ad

133 3482 233 3549 ·Qu‚od
252 3480 332 3547 dedi,
352 3484 443 3538 dutum
461 3503 514 3537 non
529 3485 645 3538 veilent:
690 3504 733 3539 me
747 3488 818 3538 misit
841 3482 1179 3557 Polymaoboeroplagideti
1192 3510 1205 3533 ι

132 3560 206 3634 quod
225 3562 360 3635 reliquum
380 3574 436 3626 eet,
459 3582 513 3616 uon
536 3561 645 3632 (iabou,
690 3585 739 3619 tn.
759 3568 831 3620 Veru
844 3584 1005 3620 memoratu.
1017 3563 1147 3630 Rudente,
1161 3566 1203 3628 11,

131 3658 214 3714 quum
231 3660 326 3714 nempe
344 3641 484 3695 amicitiam
508 3644 643 3697 renuntia·
688 3645 720 3697 3:
745 3646 827 3698 -Non
844 3646 941 3698 venit?
963 3662 1011 3698 att.
1038 3644 1112 3696 Vera
1139 3665 1206 3717 prte-

130 3732 203 3787 reut,
225 3736 249 3774 et
264 3722 400 3795 poeniteret
420 3721 540 3777 beneficii
553 3723 642 3777 hacte·
687 3723 790 3778 dicam.
806 3724 840 3778 Et
859 3724 978 3777 ibidem:
993 3724 1074 3777 «Nou
1092 3742 1148 3777 rem
1162 3724 1205 3778 di·

130 3816 181 3852 unt
212 3800 309 3854 collati.
332 3799 390 3852 Nisi
409 3818 425 3854 tt
447 3801 641 3866 creditoribus,
687 3805 775 3857 vinam
788 3804 870 3856 facitis
888 3804 932 3856 hic
944 3820 1106 3874 rcs,neque
1114 3800 1205 3858 herus.

128 3878 206 3950 plura
222 3878 330 3933 credere
348 3878 512 3946 nolentibus,
535 3881 570 3933 eit
593 3881 641 3934 de·
686 3901 734 3937 su.
749 3882 916 3937 Hariciareu.
936 3883 1060 3935 Gronov.

129 3972 277 4031 sumptum.
290 3959 431 4013 Boxuonn.
721 3962 765 4017 33.
782 3965 937 4016 commentor.
952 3961 1032 4015 Aliud
1050 3978 1115 4033 ago,
1129 3960 1204 4015 aliud

165 4036 208 4091 31.
231 4045 365 4104 Responsa.
386 4036 517 4092 Fertivicr
533 4037 584 4093 erit
602 4039 640 4092 le·
685 4041 774 4095 nnimc
789 4042 892 4107 voluto,
910 4061 998 4114 neque
1018 4038 1206 4112 quedicieau·

127 4116 197 4170 otict
213 4116 640 4190 ·promereepcnmtibi·.Quitl
684 4119 779 4174 oculto.
793 4121 888 4175 Line.
